3000 5025
414 536 452 603 C.
481 535 678 605 JULIUS
705 534 899 606 CAESAR.
1122 538 1199 613 323

119 690 167 731 νυν
181 668 212 733 ἐν
231 672 297 745 τοῖς
313 671 455 745 παλαιοῖς
480 667 560 736 πάνυ
578 668 696 762 χρόνοις
719 672 962 765 τεταραγμέναις
982 674 1117 765 ἐχρῶντο
1132 660 1200 741 Pc-

14 832 16 875 γ
119 779 202 863 μαῖοι
229 778 300 851 ταῖς
321 782 384 841 τῶν
406 782 507 866 μηνῶν
536 777 613 869 πρὸς
636 776 691 845 τὸν
716 777 853 844 ἐνιαυτὸν
874 769 1042 870 περιόδοις,
1064 785 1125 858 ὥςε
1145 781 1202 861 τὰς

105 876 222 958 ’θυσίας
239 878 292 947 καὶ
313 878 370 959 τὰς
384 880 512 975 ἑορτὰς,
527 885 754 976 ὑποφερομένας
773 881 994 978 κατάμικρὺν,
1008 885 1049 963 εἰς
1063 886 1203 967 ἐναντίας

119 986 350 1054 ἐκπεπτωκέναι
363 996 428 1067 τοῖς
441 989 560 1083 χρόνοις
577 988 693 1083 ὥρας’,
703 988 787 1057 ἀλλὰ
799 989 851 1058 καὶ
860 990 930 1085 περὶ
945 993 1001 1065 τὴν
1021 993 1096 1059 τότε
1110 991 1203 1062 οὖσαν

14 1122 16 1173 ι
118 1094 246 1166 ἡλιακὴν
261 1094 289 1161 οἱ
303 1095 358 1188 μὲν
381 1092 471 1164 ἄλλοι
488 1096 671 1165 παντάπασι
692 1099 815 1165 τούτων
831 1097 1042 1193 άσυλλογίςως
1063 1094 1154 1192 εἶχον·
1174 1101 1204 1168 οἱ

120 1189 148 1265 δ’
164 1198 251 1293 ἱερεῖς
268 1199 375 1293 μόνοι’
391 1205 446 1270 τὸν
461 1205 564 1298 καιρὸν
584 1194 716 1287 εἰδότες,
731 1198 890 1296 ἐξαίφνης,
904 1204 957 1273 καὶ
974 1206 1111 1300 προησθη
1139 1210 1204 1274 ε’νου

14 1292 16 1385 ί
119 1297 270 1399 μηδενὸς,
285 1308 339 1375 τὺν
357 1302 523 1403 ἐμόόλιμον
542 1312 751 1405 προσέγραφον
775 1321 874 1402 μῆνα,
893 1304 1105 1405 Μερκηδόνιον
1143 1318 1208 1381 ὀνο·

120 1404 285 1507 μάζοντες,
298 1412 332 1481 ὃν
346 1418 483 1509 Νομοῖςό
498 1417 639 1503 βασιλέυς
652 1424 776 1509 πρῶτος
789 1412 932 1508 έμόαλεῖν
942 1419 1085 1514 λέγεται,
1097 1413 1205 1513 μικράν

120 1520 170 1589 καὶ
184 1511 400 1590 διατείνουσαν
419 1526 455 1591 οὐ
470 1523 574 1617 πόρρω
592 1523 731 1608 βοήθειαν
754 1518 879 1622 ἐξευρὼν
899 1536 956 1603 τῆς
969 1525 1039 1618 περὶ
1057 1523 1115 1603 τὰς
1133 1526 1210 1593 άπο·

14 1654 16 1709 ;
118 1625 309 1706 καταςάσεις
327 1628 559 1722 πλημμελείας,
573 1636 613 1707 ὡς
635 1632 665 1696 έν
689 1636 754 1706 τοῖς
772 1630 842 1723 περὶ
863 1630 977 1697 ἐκείνου
999 1633 1174 1727 γέγραπται
1182 1619 1207 1701 ⁴.

14 1730 15 1793 Ῐ
118 1737 241 1828 Καῖσαρ
258 1725 317 1819 δὲ,
335 1743 401 1813 τοῖς
420 1735 538 1831 άρίςοις
558 1744 620 1802 τῶν
640 1735 813 1827 φιλοσόφων
833 1734 885 1802 καὶ
907 1723 1153 1830 μαθηματικῶν5
1170 1742 1208 1808 τὸ

120 1836 291 1935 πρόὺλημα
311 1840 451 1936 προθεὶς,
466 1844 501 1910 έκ
520 1852 582 1909 τῶν
601 1842 805 1933 ὑποκειμένων
822 1834 884 1916 ἤδη
917 1828 1075 1936 μεθόδων6
1096 1834 1207 1923 ἔδειξεν

121 1941 200 2017 ἰδίαν
216 1947 289 2016 τινὰ
309 1948 361 2017 καὶ
380 1940 622 2041 διηκριὺωμένην
641 1952 760 2041 μᾶλλον
779 1948 1039 2044 έπανόρθωσιν,ἧ
1059 1953 1210 2043 χρώμενοι

14 2082 15 2103 ³
121 2061 211 2150 μέχρι
233 2065 286 2123 νῦν
305 2041 443 2150 Ρωμαῖοι
458 2048 600 2124 δοκοῦσιν
618 2053 715 2130 ἦττον
736 2057 847 2148 έτέρων
868 2056 1057 2146 σφάλλεσθαι
1070 2058 1139 2150 περὶ
1153 2060 1209 2132 τὴν

14 2188 15 2191 ’
121 2162 311 2257 ἀνωμαλίαν.
326 2165 373 2231 ot
388 2165 447 2255 μὴν
461 2159 542 2231 άλλοὶ
560 2153 639 2251 καὶ(
653 2156 747 2255 περὶ)
764 2169 828 2241 τοῖς
844 2161 1042 2247 βασκαίνουσι
1055 2164 1107 2232 καὶ
1122 2168 1213 2259 βαρυ·

121 2271 257 2364 νομένοις
276 2272 334 2345 τὴν
354 2262 483 2364 δύναμιν
497 2269 599 2349 αἰτίας
617 2277 755 2362 παρεῖχε.
769 2270 907 2364 Κικέρων
927 2270 985 2365 γὰρ
1001 2278 1017 2338 ὑ
1033 2274 1152 2364 ῥητωρ,
1168 2279 1208 2351 ὡς

122 2380 216 2461 ἔοικε,
231 2379 388 2468 φήσαντος
408 2378 490 2455 τινὸς
514 2378 615 2472 κόριον
638 2377 809 2445 ίπιτέλλειν
825 2379 939 2471 Λύραν·
961 2405 979 2441 α
992 2377 1056 2445 Ναὶ
1073 2369 1212 2468 (εἶπεν)
1238 2430 1241 2435 .
1341 2379 1344 2385 ’

123 2488 157 2554 ἐκ
171 2477 402 2580 διατάγματος·
423 2513 440 2550 υ
458 2490 498 2563 ὡς
517 2484 568 2552 καὶ
588 2494 684 2553 τοῦτο
702 2482 779 2577 πρὸς
804 2482 940 2578 ἀνάγκην
957 2495 1020 2553 τῶν
1044 2484 1209 2580 ἀνθρώπων

123 2587 309 2686 δεχομένων.

177 2701 253 2768 LX.
270 2700 315 2766 Τὸ
331 2690 362 2764 δ’
380 2699 509 2791 ἐμφανὲς
528 2698 648 2791 μάλιςα
662 2705 750 2791 μῖσος
764 2694 816 2763 καὶ
830 2696 1041 2793 θανογτηφόρον
1056 2699 1105 2763 ἐπ’
1117 2700 1210 2765 αὑτὸν

125 2815 141 2876 ὑ
155 2816 212 2885 τῆς
229 2803 384 2890 βασιλείας
398 2806 470 2896 έρως
483 2799 772 2899 ἐξειργάσατο,τοῖς
786 2803 839 2893 μὲν
849 2797 974 2879 πολλοῖς
988 2800 1074 2869 αἰτία
1082 2807 1210 2894 πρώτη,

124 2922 189 2992 τοῖς
203 2905 234 2979 δ’
247 2915 390 2990 ὑπούλοις
409 2911 508 2978 παλαι
521 2911 671 3004 πρόφασις
690 2908 904 3001 εὑπρεπεςάτη
922 2911 1079 3003 γενομένη.
1096 2907 1211 2981 Καίτοι

126 3025 177 3089 καὶ
194 3021 288 3113 λόγον
311 3015 382 3086 τινὰ
396 3020 599 3114 κατέσπειραν
623 3015 663 3095 είς
683 3018 735 3084 τὸν
765 3006 862 3109 δῆμον
886 3015 915 3083 οἱ
940 3018 1058 3090 ταότην
1076 3016 1224 3111 Καίσαρι.

127 3131 182 3202 τήν
199 3129 292 3219 τιμὴν
307 3119 537 3220 προξενοῦντες,
554 3130 593 3202 ὡς
609 3126 644 3190 ίκ
659 3123 855 3218 γραμμάτων
871 3117 1053 3192 Σιόυλλείων
1069 3123 1211 3216 ἁλώσιμα

128 3233 168 3302 τὰ
186 3232 319 3326 Πάρθων
340 3231 479 3323 φαίνοιτο
505 3216 658 3322 Ῥωμαίοις
682 3231 734 3296 σὺν
767 3232 888 3316 βασιλεῖ
910 3231 1144 3324 ςρατευομένοις
1164 3233 1212 3298 ἐπ’

129 3342 265 3422 αὑτοὺς,
285 3337 387 3419 άλλως
412 3339 561 3430 ἀνέφικτα
578 3339 664 3406 ὄντα·
689 3337 755 3421 καὶ,
775 3331 1018 3416 καταόαίνοντος
1042 3331 1075 3414 ἐξ
1091 3319 1210 3415 ’Ᾰλόης

129 3447 286 3541 Καίσαρος
300 3446 340 3526 εἰς
358 3447 415 3520 τὴν
433 3451 542 3530 πόλιν,
564 3445 738 3539 ἐτόλμησαν
754 3443 847 3512 αὐτόν
860 3442 1057 3512 ἀσπάσασθαι
1073 3446 1212 3528 βασιλέα.
1403 3450 1406 3463 ‘

129 3556 192 3624 Τοῦ
214 3545 251 3622 δὲ
268 3545 369 3646 δόμου
390 3544 669 3646 διαταραχθέντος,
680 3552 835 3645 ἀχθεσθεὶς
852 3553 980 3635 ἐκεῖνος,
994 3551 1125 3642 οὑκὲφη
1156 3553 1211 3635 βα-

173 3757 199 3793 1.
222 3739 256 3792 In
278 3738 342 3790 anni
356 3749 477 3811 tempora
491 3735 646 3790 incidebant
735 3742 763 3798 4,
786 3735 921 3788 Plutarch.
937 3732 1056 3809 in'Nunn
1076 3736 1123 3800 18,
1137 3753 1210 3807 seqq.

131 3819 163 3874 iis
177 3819 313 3874 contraria
334 3819 430 3890 quibus
451 3817 579 3872 celebrari
597 3815 646 3870 de-
737 3814 1062 3886 5.Soeigenipotieeimum
1068 3813 1210 3869 Alexandr.

132 3899 239 3954 hebent.
529 3927 534 3934 -
694 3890 729 3948 cd
742 3896 858 3948 rationes
865 3895 1054 3947 csnnnomicas
1068 3893 1212 3962 ἱππότας

174 4000 202 4035 α.
211 3978 330 4051 Ideoque
341 3981 438 4046 Coescr‚
449 3979 511 4051 quia
520 3977 550 4032 P.
562 3979 647 4048 Man,
695 3988 722 4029 et
743 3975 837 4028 Flavio
857 3973 980 4040 cuidam,
1004 3974 1052 4044 qui
1079 3974 1159 4029 fastos
1182 3977 1211 4028 in

134 4057 314 4114 emendandos
328 4062 408 4114 festos
423 4071 580 4132 susceperat.
696 4059 880 4110 Romanorum
891 4073 954 4107 usus
967 4068 1149 4126 componeret.

177 4141 203 4194 3.
224 4141 386 4193 Mercidinwn
405 4153 484 4196 vocat
504 4139 562 4213 ipse
588 4139 650 4193 Plu·
739 4139 767 4189 6.
783 4136 806 4188 E
817 4133 949 4187 methodis
963 4153 1027 4206 quas
1036 4136 1091 4206 jem
1102 4149 1160 4190 tum
1172 4155 1212 4190 ae·

138 4221 218 4276 meh.
231 4221 261 4275 in
276 4223 359 4277 Num.
384 4225 429 4278 18.
698 4216 817 4274 nonomi
831 4217 971 4289 peritiores
986 4217 1152 4270 invenerant.

963 4313 1026 4386 αι’
