3000 5025
269 451 344 553 570
498 461 841 530 inmissus.
871 459 1109 531 curcum
1208 463 1211 470 ·

306 588 437 642 XXXIX.
452 571 486 642 Iis
503 591 634 643 insertum
647 605 708 644 sute
718 596 760 644 τοῦ
767 580 821 645 'issu
835 591 899 645 Post
912 592 1053 648 ἐπεποιήκεε
1065 603 1139 644 erent
1151 591 1223 646 bec,
1239 590 1266 640 ts
1279 588 1340 639 τοὺ·

266 669 373 797 ἑανρεὶν
388 664 427 720 οὖν
442 672 453 721 t
467 655 619 740 δπορίδοροξ
633 672 677 724 τὴν
692 678 735 724 τοῦ
748 669 883 724 Δεταὸίκοο
901 671 1000 742 γνώμην
1017 671 1116 742 μαθὼν,
1130 669 1177 724 sed
1194 667 1282 760 tielets
1296 685 1341 719 ee-

285 764 364 878 elXL.
379 826 432 878 Pro
444 828 546 898 πρόσθεν
557 791 665 882 videtur
675 829 752 900 prius
763 829 890 900 cogitasse
905 801 1055 902 ἔμπροσθεν,
1064 828 1126 882 dein
1136 829 1211 900 prius
1223 843 1344 896 παρακα-

265 905 341 966 λέσας
355 907 399 976 μὲν
414 901 451 959 οὖν
465 909 522 975 τοὺς
534 928 573 979 ςρ.
586 921 613 961 et
623 911 783 979 πειθομένων,
798 927 849 981 pro
862 915 949 980 προσδ.
964 929 1044 980 συρεπ.
1060 921 1088 962 et
1100 909 1142 961 καὶ
1156 909 1212 968 ποὺς
1223 906 1266 976 μὲν
1284 903 1310 955 ἁ.
1323 904 1342 954 ἱ.

266 985 326 1054 πρὸς
343 986 379 1036 ἐκ.
393 987 509 1040 Inferius
521 987 551 1040 in
563 1007 612 1040 ms.
629 1001 685 1040 erat
697 989 738 1040 τὸν
753 987 825 1059 παρὰ
839 995 888 1041 τῶν
907 978 975 1060 δευρί.
988 1009 1092 1056 παραετ.
1108 1001 1135 1040 et
1147 988 1187 1040 τὸν
1205 985 1343 1045 deletum,

266 1081 323 1196 ρῦεριι
335 1083 399 1117 vero
411 1065 497 1137 παρὰ,
512 1078 542 1118 ut
554 1065 661 1145 vitietur
678 1067 754 1138 prius
767 1068 894 1139 cogitasse
906 1071 947 1120 τὸν
966 1068 1081 1122 θάνατον.
1097 1064 1167 1120 Ibid.
1181 1065 1256 1137 prius
1269 1067 1282 1116 ὁ
1297 1062 1342 1133 μὲν

320 1150 352 1194 Δ.
471 1151 472 1155 ,

217 1265 223 1270 ,
307 1221 381 1276 XLI.
392 1223 553 1286 Δενλόσοντεις
565 1225 640 1297 prius
652 1238 713 1297 post
724 1227 802 1278 ποἋιν.
815 1227 869 1278 Pro
877 1232 1019 1297 καταλιιρθ.
1034 1225 1161 1296 cogitarat
1174 1215 1346 1296 prius'ssre·

266 1305 431 1372 λελειμμένσυ.
443 1304 507 1355 Μοιι
525 1305 555 1356 iu
567 1324 616 1357 ms.
631 1317 670 1357 est
685 1301 834 1376 ρἰδιαλνῆπτῳ
847 1326 877 1358 π.
896 1305 924 1358 in
940 1325 994 1378 quo
1007 1319 1034 1358 et
1049 1307 1118 1358 infra
1132 1315 1250 1358 erratum
1263 1321 1286 1355 c.
1304 1305 1342 1364 64

267 1393 295 1433 et
309 1391 364 1450 77,
372 1382 418 1442 τὰς
430 1383 474 1452 μὲν
489 1403 550 1454 μοχ.
560 1382 682 1437 additum
695 1385 740 1455 μδν
752 1398 779 1438 et
792 1387 855 1437 mox*
866 1387 946 1452 ταυτῃ
958 1392 990 1455 τῇ
999 1387 1046 1455 siu.
1060 1398 1086 1438 et
1098 1386 1161 1442 πλὴν
1175 1379 1254 1436 δυοῖν.

308 1461 394 1512 XLII.
408 1462 562 1517 Prius‘csics
574 1463 617 1534 μὲν
627 1463 675 1535 γὰρ
684 1503 693 1533 ,
702 1477 729 1518 et
747 1465 978 1535 insistucogitarat
993 1483 1044 1536 pro
1058 1468 1132 1518 αὐτοῦ
1153 1482 1212 1533 τσγ.
1234 1474 1261 1514 et
1279 1478 1346 1512 mox

268 1539 343 1611 prius
354 1541 455 1593 πάντων
472 1548 521 1594 τῶν
534 1545 681 1615 σκευορόρειν
692 1541 781 1615 (quod
797 1545 876 1598 etism
888 1544 918 1596 in
932 1541 1023 1597 σκευῶν
1043 1533 1176 1612 mutarat)
1191 1543 1298 1612 ἀρεῦιον.
1311 1541 1346 1591 Iu

269 1618 323 1672 fine
338 1619 367 1672 in
376 1638 424 1672 ms.
437 1634 475 1674 est
484 1627 658 1693 παρορμῶσιν.

309 1700 408 1752 XLIII.
418 1689 606 1772 διδυμοσίευσαν
619 1703 696 1774 prius
704 1703 846 1773 cogitabat.
858 1703 925 1756 Fine
936 1701 1039 1769 addite,
1049 1698 1141 1762 δεδιὸς
1155 1701 1207 1772 μὴ’,
1215 1716 1300 1770 usque
1311 1696 1347 1750 sd

269 1775 348 1832 δΰοολ.
1152 1822 1155 1826 .

279 1890 284 1899 ·
311 1859 411 1912 XLIV.
422 1860 501 1914 Prius
515 1862 540 1914 τί
555 1862 598 1932 μὲν
614 1857 653 1916 οὗν
666 1882 690 1914 τ.
705 1882 725 1914 ε.
736 1867 758 1914 θ.
771 1863 827 1933 περὶ
841 1863 932 1914 τούτου.
945 1883 969 1915 τ.

310 1938 396 1990 XLV.
410 1941 509 2002 Τούτοις
526 1942 601 2012 prius
618 1961 669 2012 pro
684 1942 780 2002 ἰκείνοις
799 1942 925 2012 cogitasse
942 1939 1057 1994 videtur.
1077 1940 1304 2001 Καταθεὺσοντεις,
1318 1937 1348 1989 iu

271 2035 322 2071 ms.
333 2030 373 2070 est
384 2021 586 2082 καταδείσαντας.
595 2020 672 2091 ,Πνίὼ
682 2021 768 2072 scribe
778 2027 861 2086 ταῦτα
874 2017 900 2072 δ’
916 2022 952 2074 ἐκ.
972 2020 1037 2072 Mox
1054 2019 1197 2072 scriberem
1215 2013 1348 2089 διας-ἠρεσ-

213 2095 216 2101 ’
271 2115 330 2162 τις,
344 2095 407 2150 dein
416 2117 448 2150 er
457 2118 506 2152 ms.
516 2100 603 2153 scribe
615 2096 660 2152 διὰ
673 2096 704 2152 δὲ
717 2105 800 2153 ταῦτα
813 2121 852 2158 π.,
867 2113 897 2152 ut
911 2112 937 2152 et
950 2103 973 2160 ἐς
988 2101 1017 2154 τὸ
1030 2100 1110 2171 μικρὸν
1122 2093 1149 2150 δ.
1162 2099 1196 2150 In
1207 2097 1261 2149 fine
1270 2097 1350 2168 prius

271 2175 339 2228 κατὰ
354 2179 383 2229 τὸ
397 2179 455 2230 ἄλλο
468 2186 517 2232 τῶν
529 2180 622 2240 ccicc:
632 2175 659 2232 δ.

313 2256 426 2309 XLVII.
436 2259 599 2330 luterpunge
609 2261 722 2328 Καῖσαρ,
732 2260 771 2323 τὸ,
778 2270 828 2312 etc.
838 2258 1009 2330 παρήγγειλεν.
1021 2260 1070 2311 δντ.
1079 2270 1106 2310 et
1114 2256 1203 2309 scribe
1211 2258 1351 2326 ἐπέμεινεν,

275 2346 305 2387 ut
319 2335 399 2388 estin
412 2355 476 2402 ms.;
487 2337 553 2391 ibid.
565 2339 640 2409 prius
654 2339 720 2407 ὅμως
730 2350 792 2409 post
803 2338 948 2403 ἐξήκουσαν,
958 2335 1032 2408 quod
1042 2337 1107 2408 ὅμως
1121 2335 1185 2388 dein
1197 2334 1350 2398 deleverat,

274 2425 370 2484 etpost
378 2411 406 2471 ris
419 2415 508 2469 denuo
520 2419 660 2488 scripserat
674 2419 739 2487 ὅμως
753 2413 784 2470 δὲ
802 2415 986 2489 deleverstque
997 2415 1096 2469 denuo.
1108 2414 1188 2468 Edidi
1199 2433 1262 2467 mox
1273 2417 1349 2466 ἐνινι·

276 2492 397 2560 κήκεσαν,
407 2496 507 2551 lieetin
516 2516 565 2550 ms.
577 2498 698 2551 ε’νίκισαν.
709 2497 779 2549 Dein
793 2492 922 2559 δοκοῦντες
935 2497 1011 2569 prius
1023 2487 1155 2581 (proquo
1169 2507 1196 2549 et
1208 2495 1350 2566 νομίζοντες

276 2575 402 2645 cogitasse
412 2572 538 2637 videtur)
549 2596 600 2648 pro
611 2573 727 2641 ἐδόκουν,
739 2590 767 2629 et
781 2577 914 2642 βάλλουσαι
930 2578 1017 2629 stetim
1035 2589 1096 2648 post
1106 2576 1276 2647 Ρωμαίυις,εῑ
1288 2592 1350 2643 προ·

275 2656 402 2714 νεύουσαι,
416 2647 510 2709 et¹cbrs
523 2664 572 2709 τῶν
585 2664 722 2727 γυναικῶν,
732 2658 788 2709 οὔτι
803 2674 831 2728 γε
846 2659 925 2711 αὐτῶν
942 2662 991 2709 τιῑιν
1007 2651 1105 2709 παίδων
1120 2656 1154 2724 μή
1167 2649 1295 2724 φείδεσθαι
1305 2690 1312 2719 ,
1324 2665 1352 2704 et

277 2733 325 2787 lin.
338 2753 391 2806 seq.
405 2738 432 2788 Is
445 2731 504 2799 τῶν,
512 2748 540 2787 et
549 2756 611 2788 mcx
621 2729 701 2807 Ᾰΰαρ.
714 2731 787 2804 εἶχεν.

318 2814 445 2867 XLVIII.
457 2816 549 2869 Scribe
556 2835 588 2869 ex
598 2836 647 2869 ms.
656 2821 700 2877 τῆς
712 2822 756 2876 τῆς
766 2823 822 2869 πολ.
902 2844 905 2847 -

318 2894 417 2948 XLIX.
425 2884 460 2948 ὁν
473 2902 510 2966 τῷ
523 2896 565 2973 ἐπὶ
573 2890 723 2968 ςρειτοπέδῳ
733 2901 850 2949 κατολελ.
863 2896 903 2949 Eo
915 2896 974 2949 loco
987 2895 1028 2949 ἰπὶ
1035 2896 1164 2949 Insertum
1177 2895 1206 2945 in
1217 2912 1266 2947 ms.
1275 2891 1352 2964 quod

280 2985 367 3026 tamen
375 2987 436 3045 post
445 2976 469 3027 ὃν
483 2994 619 3045 ponerem.
983 2984 985 2989 ’

319 3052 351 3106 L.
360 3051 490 3107 Additum
505 3056 517 3106 ὃ
533 3059 633 3126 σκριεῖον
641 3052 671 3112 ἧν
681 3057 764 3125 φίλων.
776 3055 840 3108 Post
851 3056 1022 3125 συλληφθέντες
1034 3055 1109 3125 prius
1128 3074 1172 3112 τι,
1184 3066 1211 3107 et
1226 3050 1319 3109 eadem
1332 3052 1351 3104 l.

280 3150 331 3203 pro
345 3134 389 3189 τὸ,
400 3140 453 3186 τοῦ.
468 3135 501 3184 In
514 3154 562 3187 ms.
578 3133 642 3187 dein
657 3134 837 3195 ἀποκυλυσθεὶς
852 3146 898 3187 est.
918 3134 995 3187 Prius
1015 3133 1081 3187 ibid.
1094 3135 1180 3186 fuerat
1196 3136 1263 3203 ἡμᾶς
1277 3133 1353 3203 ἅμα,

226 3247 228 3251 -
281 3223 331 3265 etc.
343 3212 412 3265 Dein
422 3214 443 3265 εἰ
455 3209 560 3267 δυνατὸν
572 3213 661 3279 edidi,
672 3215 793 3285 quamvis
802 3214 831 3266 in
843 3232 890 3266 ms.
904 3214 936 3274 εἰς
951 3209 1065 3267 δυνατὸν.

321 3292 366 3344 LI.
383 3292 436 3344 Pro
448 3293 589 3363 ἐτράπησαν
607 3294 683 3365 prius
695 3294 838 3365 τοῦχωρίου
858 3293 1036 3359 ἀπιώσθννσαν,
1048 3306 1074 3345 et
1088 3312 1139 3364 pro
1156 3294 1264 3362 ἐπεκυυρ.
1274 3308 1354 3355 mcx,

283 3367 408 3434 ἀηθείας,
423 3385 450 3424 et
460 3372 508 3425 inf.
522 3375 618 3445 ἡμέρᾳ,
632 3391 683 3445 pro
694 3379 764 3443 μάχῃ
775 3374 866 3441 ταύτῃ.

323 3451 382 3503 LII.
394 3450 471 3505 Prius
487 3453 529 3506 καὶ
540 3454 588 3507 ὑπὸ
603 3473 628 3505 τ.
642 3453 697 3515 ταξ.
714 3454 772 3505 siue
784 3454 839 3505 οὔτε
848 3488 856 3514 ,
866 3463 893 3503 et
902 3453 964 3505 πολὶι
979 3452 1022 3522 ριὶν
1036 3451 1083 3522 γὰρ
1098 3453 1141 3521 ἔφη
1155 3446 1299 3519 ἦδιαχορία
1310 3444 1355 3501 διἰ·

282 3549 356 3583 νατειε
371 3528 396 3581 G.
409 3531 463 3583 Pro
475 3534 554 3603 οαρὴν
566 3532 708 3587 scriberem
718 3536 793 3602 σαρῆ.
807 3531 881 3597 Tale,
887 3530 1047 3603 quodsupra
1054 3530 1082 3583 in
1093 3531 1201 3600 ἀσφαλὴ,
1209 3528 1356 3600 deinprius

280 3605 391 3667 ιίδὺνατο
405 3630 492 3679 κατεγ.
837 3622 839 3627 “

322 3691 396 3768 LIII.
408 3692 649 3761 Παρακαλισείμενος
661 3690 737 3763 prius
748 3703 811 3763 post
822 3688 947 3761 ρσῧεῖσθαι
958 3726 965 3748 ,
975 3702 1002 3743 et
1013 3692 1094 3745 ἱκανὸν
1106 3689 1196 3761 paullo
1211 3699 1287 3759 post,
1294 3699 1356 3739 ante

281 3771 341 3841 cpi<
356 3792 381 3829 r,
395 3792 418 3823 τ.
1060 3796 1062 3802 ·
1350 3784 1357 3796 ’

324 3851 397 3904 LIV.
411 3851 489 3904 Prius
504 3854 604 3921 Καῖσαρ
618 3850 663 3907 τον
680 3852 767 3908 πολιν,
783 3871 836 3921 πρ,
850 3862 901 3903 οῑο.
912 3845 1017 3920 δονείριεε
1030 3848 1107 3905 σὺν-δν
1122 3866 1193 3919 προκ.

324 3930 383 3983 LV.
394 3937 499 4002 Δυγκρος
511 3930 590 3983 estin
599 3948 657 3992 ms„
665 3931 773 4002 etprius
784 3934 860 3988 σῖτον,
869 3934 963 3991 παντός
971 3934 1157 3999 τεαχτοῦςρατ.
1169 3938 1196 3980 et
1204 3926 1309 3989 ἵππους,
1317 3926 1356 3985 οὓς

286 4010 359 4070 αὐτὸς
367 4011 409 4076 ἔν,
419 4024 470 4064 etc.
485 4012 612 4075 ὠνήσατο,
620 4022 647 4063 et
654 4030 717 4081 pen.
725 4008 796 4063 med.
806 4030 829 4063 c.
836 4010 976 4080 πεμφθῆναι
989 4020 1051 4079 post
1061 4026 1175 4079 ουρερεαχ.
1183 4005 1278 4059 Paullo
1291 4003 1359 4057 infe·

284 4088 341 4141 rius
352 4107 403 4142 scr.
417 4109 450 4142 er
459 4109 510 4144 ms.
522 4091 578 4151 τοὺς
591 4085 621 4143 δδ
632 4094 684 4145 ’τῶν
700 4098 756 4144 πολ.
771 4090 824 4143 Ius.
835 4108 884 4161 cup
905 4088 1074 4143 ἀποκλιίσιιαν
1087 4085 1286 4154 scriberemus
1303 4101 1358 4155 quo

285 4186 355 4240 sepe
364 4182 491 4247 erratum.
503 4170 573 4226 Dein
588 4183 706 4227 extrem
718 4182 776 4244 erut
785 4170 813 4225 in
826 4188 874 4225 ms.
888 4174 1051 4245 restitute.
1080 4237 1084 4247 .
