3000 5025
325 476 393 543 DE
420 476 544 545 VITA
567 475 705 543 JULII
734 476 964 563 CAESARIS.
1115 478 1185 576 193

120 603 209 675 millia
234 620 509 678 numeraverunt.
536 608 630 675 Inter
655 620 776 678 cuncta
799 608 905 680 Cassii
925 611 1048 681 &arvae
1071 629 1187 685 centu·

119 712 213 783 rionis
232 710 439 783 admirabilis
463 714 570 783 virtus
587 711 662 800 fuit,
682 712 777 806 cujus
800 728 932 788 scutum
951 715 1094 790 relatum
1113 723 1186 792 Cae·

117 821 175 887 sari
194 819 383 914 perfossum
400 833 536 889 ceruam
557 819 675 915 viginti
694 819 913 891 foraminibus
928 836 980 893 est
994 824 1185 917 inventum3

115 924 230 1027 dequo
252 925 389 1021 quidem
406 926 498 995 varia
511 941 561 997 est
573 926 671 995 fama.
693 925 841 1014 Quidam
859 926 998 999 tradunt
1019 932 1185 1005 Caesarem

117 1034 171 1099 viri
189 1048 225 1103 et
249 1033 293 1113 de
314 1056 353 1103 se
368 1048 402 1103 et
424 1032 466 1103 de
489 1030 676 1129 republica,
696 1048 736 1102 ut
754 1035 861 1122 aiunt,
877 1036 925 1103 ita
941 1031 1051 1105 meriti
1067 1043 1186 1112 eximia

117 1140 229 1209 virtute
252 1154 460 1235 permotum,
485 1164 551 1234 qua
581 1138 754 1212 castellum
780 1165 886 1244 prope
915 1139 986 1211 sola
1016 1161 1186 1219 servatum

116 1259 208 1336 esset,
231 1248 432 1341 pecuniariis
449 1271 526 1317 eum
550 1245 647 1316 donis
667 1246 859 1341 ingentibus
879 1262 914 1317 et
928 1250 1059 1343 magnis
1078 1251 1186 1324 hono·

116 1351 198 1421 ribus
216 1354 424 1442 cumulasse,
446 1368 480 1423 et
501 1356 587 1435 inter
605 1367 724 1423 caetera
742 1353 785 1421 ab
808 1356 936 1424 octavis
953 1354 1126 1428 ordinibus
1143 1360 1186 1431 ad

116 1458 314 1555 primipilurn
335 1462 526 1555 provexisse
547 1486 554 1527 :
577 1460 751 1531 cohortem
770 1484 851 1530 vero
865 1475 972 1530 totam
988 1462 1114 1557 duplici
1134 1468 1187 1536 sti·

116 1564 230 1659 pendio
241 1581 278 1638 et
291 1567 389 1649 dorsis
403 1566 603 1641 militaribus
615 1580 841 1661 prosecutum.
859 1567 960 1662 Apud
976 1566 1058 1639 alios
1072 1573 1188 1658 Scaeva

29 1684 32 1703 l
114 1670 307 1763 idem,duce
324 1674 478 1763 absente,
491 1674 750 1768 cedentibusque
759 1673 958 1761 comitibus,
974 1690 1092 1745 contra
1112 1704 1186 1749 om·

114 1802 185 1849 nem
211 1782 365 1877 Pompeii
385 1783 568 1851 exercitum
594 1779 682 1851 solus
705 1782 813 1867 stetit,
832 1794 866 1847 et
885 1777 1003 1875 clypeo
1018 1806 1090 1852 cxx
1103 1784 1186 1855 telo·

114 1908 184 1955 rum
210 1888 333 1959 ictibus
360 1887 538 1976 transfixo,
559 1888 716 1982 mirisque
743 1901 779 1956 et
810 1883 1059 1959 incredibilibus
1086 1891 1203 1967 rebus.

29 2010 31 2019 ’
116 1994 207 2087 gestis
235 1995 418 2084 occubuit;
438 1995 554 2088 jacens
580 2018 731 2089 quoque,
750 1993 933 2098 victoribus
968 1995 1122 2067 terribilis
1146 2022 1186 2071 ac

29 2140 31 2191 p
114 2101 307 2195 stupendus,
329 2105 386 2197 qui
408 2116 460 2171 tot
477 2102 612 2171 eximias
627 2124 756 2204 pugnas
775 2102 810 2168 in
829 2094 938 2169 Gallia
950 2102 1186 2199 Britanniaque

29 2194 31 2283 ἶ
113 2204 245 2298 lecerat,
267 2224 387 2290 contra
407 2234 524 2281 omues
546 2208 659 2287 hostes
683 2232 815 2301 semper
837 2208 995 2295 invictus,
1015 2232 1038 2277 a
1057 2211 1187 2283 civibus

112 2315 175 2383 suis
191 2314 328 2385 tandem
354 2316 548 2385 interfectus
572 2330 650 2395 est:
678 2313 756 2384 felix
775 2336 798 2379 a
819 2314 1039 2408 scriptoribus
1059 2316 1187 2409 dicun,

112 2421 138 2487 si
157 2446 218 2516 pro
238 2420 394 2495 libertate
413 2424 563 2495 omnium
586 2418 851 2516 lecisset„quod
873 2444 937 2516 pro
961 2420 1100 2493 domiuo
1125 2450 1187 2495 suo

113 2525 200 2600 lecit!
219 2531 274 2600 Sic
293 2555 329 2602 se
347 2532 454 2609 rebus,
476 2529 697 2615 habentibus,
723 2531 837 2613 Caesar
869 2551 933 2596 nec
964 2533 1187 2624 prosperitate

29 2691 30 2702 ,
112 2636 281 2724 tumidior,
302 2661 365 2709 nee
384 2637 584 2708 adversitate
604 2634 828 2722 contractior,
851 2633 1000 2727 quotidie
1017 2637 1054 2703 in
1081 2640 1186 2713 aciem

29 2771 31 2826 i
112 2745 290 2814 exercitum
324 2743 504 2831 educebat,
530 2757 564 2812 et
593 2763 714 2837 pugnae
734 2739 872 2833 copiam
903 2739 1047 2820 faciebat
1063 2766 1186 2838 :saepe

29 2873 31 2944 ζ
111 2849 204 2920 etiam
227 2849 386 2949 legiones¹
401 2875 511 2946 prope
537 2863 646 2932 castra
664 2848 812 2928 bostium
826 2845 1013 2934 subibant,
1034 2848 1080 2916 ita
1102 2864 1142 2918 ut
1168 2876 1187 2918 e

29 2955 31 3012 l
113 2953 194 3026 vallo
204 2955 280 3028 telis
290 2959 390 3032 etiam
404 2959 473 3052 peti
484 2971 630 3050 possent.
641 2956 825 3050 Pompeius
833 2967 966 3040 contra,
978 2979 1021 3024 ne
1034 2954 1187 3033 obsessus

29 3059 31 3084 ³
114 3065 245 3134 omniuo
267 3064 461 3152 videretur,
484 3063 579 3144 famae
600 3065 710 3157 potius
737 3060 848 3132 studio
877 3084 979 3154 quam
1007 3060 1103 3151 belli,
1123 3089 1186 3158 pro

113 3171 221 3240 castris
246 3192 324 3240 suos
346 3169 535 3266 explicabat
554 3195 561 3237 :
586 3169 644 3241 sed
663 3170 710 3240 ita
729 3182 768 3238 ut
786 3181 899 3238 eastra
918 3169 1092 3252 nouissimi
1114 3184 1186 3242 tan

113 3291 243 3368 geram,
265 3292 369 3370 utque
396 3301 512 3348 omnes
538 3277 626 3344 intra
646 3274 800 3349 telorum.
814 3299 846 3353 e„
861 3272 950 3345 vallo
982 3277 1187 3362 venientium

29 3387 30 3416 ³
111 3381 230 3472 jactum
247 3397 383 3457 starent.
398 3382 756 3463 Nihilominusssaesar
767 3384 916 3469 interea,
933 3383 1085 3474 quamvis
1098 3381 1187 3455 bello

114 3487 273 3577 intentus,
290 3505 401 3562 tamen
423 3491 585 3586 propositi
605 3491 657 3565 ,sui
675 3508 822 3575 memor,
840 3487 882 3571 de
900 3511 983 3582 pace
1001 3489 1188 3583 cogitabat,

115 3609 146 3667 et
155 3598 252 3669 toties
265 3597 388 3681 frustra
396 3613 558 3671 tentatam
570 3593 640 3668 aliis
653 3594 831 3690 atque-aliis
842 3594 1187 3671 viisretentabatznon

29 3741 30 3746 κ
115 3725 173 3794 pro
184 3707 317 3776 Caesare
329 3703 638 3788 cuiuildcbeo,sed
649 3709 711 3798 pro
725 3704 865 3775 ueritate
877 3699 1188 3796 loquormusquam

116 3803 193 3902 legi,
212 3810 361 3900 homini,
375 3814 430 3885 cui
452 3836 557 3905 quum
574 3825 642 3884 tam
661 3834 821 3906 prospere
843 3806 930 3876 bella
953 3808 1189 3898 succederent,

116 3925 240 3992 tanum
267 3919 414 4000 studium
446 3932 581 4013 tamque
612 3918 810 3992 continuum
844 3915 934 4010 pacis
965 3938 1045 3982 esse.
1070 3917 1189 4012 Itaque
1230 3987 1237 3990 ,
1301 3939 1303 3947 ’

110 4044 214 4116 1φιιιιιι
232 4016 379 4097 audisset
400 4024 574 4094 Metellum
597 4026 787 4120 Scipionem
809 4021 960 4116 Pompeii
978 4028 1132 4092 socerum
1153 4026 1187 4093 in

117 4125 345 4216 Macedonian]
353 4134 657 4229 Epircprortimau]
672 4131 817 4219 recisse,
837 4126 994 4210 Clodium
1010 4131 1188 4244 opteurdam

167 4262 235 4332 III.
966 4259 1011 4335 13
1079 4320 1081 4325 .
