3000 5025
296 434 370 527 360
585 374 1064 525 3133113353313
1129 516 1159 525 ,,
1200 518 1221 538 ,,

218 594 225 605 ’
295 591 393 681 ταμὸν
408 615 448 657 κα
448 587 582 668 θάκουσι.
598 588 751 656 Τουτο
716 580 751 653 3
769 589 807 655 33
826 588 844 654 3
844 612 893 679 ρος
844 594 1014 680 ρτοῖχος
1031 575 1293 678 περιοικοδομηθ
1269 607 1311 660 τις
1330 590 1372 674 τῇ

294 696 381 763 πολιι
408 682 618 827 συζεύγνρσι,
629 694 680 762 καὶ
711 693 873 785 ἀκρόπολιν
903 697 998 770 αὐτῆς
1024 700 1120 761 τοῦτο
1148 682 1369 820 ἀπεργάζεται.

281 787 356 869 ’Κπὶ
375 804 493 879 ταύτην
513 802 566 895 μὲν
586 798 637 868 οὖν
656 803 712 875 τὴν
732 800 849 867 πόλιν
835 827 852 866 ο
865 789 989 929 Καῖσαρ
1009 799 1117 875 νυκτός
1136 796 1236 863 τεκαὶ
1253 798 1371 887 ἡμέρας

291 899 442 975 333⁰
421 934 578 1000 ωρμησεν,
592 908 688 980 αὐτην
702 930 737 972 τε
751 908 935 996 κατασχὼν,
949 901 1079 997 ρρουράν
1094 904 1245 979 ἐνίςηοεν.

330 1015 501 1100 XXXIX.
514 1001 557 1079 Κν
568 1016 667 1106 ταύτρ
679 1003 752 1077 3''
720 1022 815 1082 αυτοῦ
828 1022 891 1077 τῶν
905 1000 1116 1083 ἐπιτηδείωνὲ
1101 1013 1188 1109 ἕνεκα
1201 1034 1236 1074 ου
1223 1003 1370 1083 ’πολλὰς

252 1192 254 1199 .
289 1121 365 1211 ἡμέρ
368 1146 403 1197 ας
422 1088 496 1186 Ιθιατ
498 1115 696 1212 ρίάοντος,
670 1144 698 1185 οι
722 1118 774 1209 μὲν
798 1121 893 1211 33333
909 1123 1098 1209 ςρατιῶται,
1120 1119 1159 1191 ὡς
1181 1113 1279 1197 εἰκὸς,
1300 1112 1369 1203 περὶ

290 1231 352 1291 τῶν
375 1227 554 1319 Γερμανῶν,
576 1222 756 1301 ὁποῖοίτιντς
775 1219 829 1289 εἷεν
838 1223 937 1306 ,τοὺς
960 1222 1133 1298 Γάλλους’
1116 1212 1254 1313 ηριίτιυν.
1276 1219 1319 1285 Οἱ
1333 1211 1368 1284 33

290 1332 425 1422 ἔφασαν,
448 1330 660 1467 ὑπερμεγέθεις
680 1355 714 1395 τι
736 1328 788 1397 καὶ
808 1328 1043 1422 ἀλκιμωτάτους
1064 1322 1138 1393 εἶναι
1161 1317 1221 1392 ἀνθ
1223 1353 1277 1419 ρας
1296 1327 1368 1403 τοὺς

290 1436 519 1561 Γερμανοὺς,
487 1439 598 1518 αυτούς
612 1440 641 1502 τ’
648 1435 787 1528 ἐμπειρίᾳ
798 1438 953 1527 πολέμουε
942 1430 1017 1527 υπτρ
1020 1428 1206 1501 θάλλειν’
1159 1458 1282 1510 παντας
1295 1433 1367 1510 τοὺς

289 1537 400 1621 ἀλλους
410 1542 617 1673 ἀνθρρίποιις·
606 1542 732 1649 ιαυτοὺς
746 1553 817 1636 γοῦν
826 1542 975 1667 πολλάμις
990 1544 1093 1618 αὐτοῖς
1105 1533 1290 1669 ρυμθαλεῖν,
1298 1540 1367 1605 ἀλλ’

259 1660 261 1664 ’
288 1639 359 1715 3333
392 1648 443 1715 καὶ
462 1650 503 1716 33
530 1649 680 1742 πρόσωπα
708 1650 798 1785 μάγον
831 1647 883 1714 καὶ
908 1644 950 1715 33
976 1638 1060 1712 δεινὰ
1087 1649 1188 1713 αὐτῶν
1198 1644 1366 1738 ὁράματα

288 1745 401 1827 ἀυνηθ
366 1754 451 1829 θηναι
474 1755 678 1847 ἀνέχεσθαι·“
664 1756 720 1831 33’
740 1757 774 1821 ἐκ
796 1747 913 1820 τούτων
941 1762 1122 1852 τοοοῢτοςε
1109 1728 1250 1841 ἐξαίφνης
1270 1746 1365 1843 ρόθος

287 1864 387 1926 πᾶσαν
402 1864 458 1941 την
473 1886 529 1927 του
514 1860 698 1991 Καίσαρος
705 1857 843 1957 ςρατιάν
857 1853 1074 1944 κατίλαθεν,”
1052 1861 1109 1935 ως’
1124 1862 1179 1925 οὐκ
1194 1856 1299 1987 ὀλίγον
1309 1884 1365 1925 τα·
1409 1870 1417 1885 “

287 1964 513 2056 ράττεσθαι
468 1993 588 2045 πάντας
606 1968 678 2043 τοὺς
697 1968 883 2059 ςρατιώτας
876 1963 1018 2033 Καὶ
987 1974 1075 2051 οὑτος
1092 1970 1249 2100 πρῶτονᾲ
1269 1960 1364 2055 ρόάος

276 2056 350 2149 ’τοῖς
369 2098 404 2138 τι
422 2066 615 2199 ταξιάρχοις,
634 2071 686 2140 καὶ
703 2080 768 2149 τοῖς
779 2079 972 2169 ςροιτηγοῖς,
989 2077 1054 2147 τοῖς
1075 2072 1104 2136 τ’
1121 2073 1155 2137 ἐκ
1176 2079 1234 2162 333
1243 2055 1364 2163 Ῥώμης

280 2178 339 2251 Ιτὸν
368 2177 532 2307 Καίσαρα
536 2175 619 2245 κατὰ
636 2176 745 2266 φιλίαν
766 2178 856 2268 μόνον
884 2177 1182 2274 ἀκολουθησασιν,“
1162 2202 1245 2269 ομιος
1267 2169 1303 2243 33
1328 2182 1361 2244 33

285 2281 364 2348 πάνυ
386 2285 482 2372 πρὸς
484 2285 556 2375 τοὺς
571 2283 724 2362 ἀναιτίους
739 2282 921 2375 ἀλκίμοις’
892 2280 974 2350 οὖσιν
984 2286 1125 2410 ,3333
1121 2280 1269 2349 Οὗτοι
1234 2310 1290 2374 μιν
1304 2280 1360 2412 γὰρ

285 2384 386 2499 ἀλλος
400 2385 496 2461 ἀλλην
517 2390 668 2483 πρόφασιν
688 2418 712 2457 π
715 2385 952 2483 ροθαλλόμενοι,
967 2382 1037 2455 δι’
1022 2415 1058 2462 ην
1077 2390 1241 2483 ἀναγκαῖον
1262 2391 1360 2482 σφίσιν

284 2488 359 2560 εἶναι
372 2519 410 2561 το
396 2490 562 2566 ἀπελθεῖν
579 2495 702 2590 ἔλεγον,
716 2523 772 2564 του
757 2495 899 2567 Καίσα
900 2524 949 2589 ρος
973 2483 1096 2583 ἐθίοντο
1119 2503 1287 2590 συγχωρεῖν
1310 2502 1360 2564 αὑ·

284 2607 349 2676 τοῖς
367 2603 416 2667 ἐπ’
430 2600 523 2669 οἴκου
532 2603 670 2686 ἀπιέναι,
685 2605 756 2670 ἔνιοι
775 2595 857 2669 δι
828 2630 867 2697 γ
872 2607 973 2671 αὐτῶν
992 2603 1133 2732 παρέχειν
1152 2597 1251 2692 ρόάου
1268 2595 1359 2682 δόξαν

284 2709 339 2772 οὐκ
357 2700 529 2791 ἀξιοῦντες,
547 2710 720 2844 κατέμενον
741 2711 818 2837 μέν.
835 2706 933 2775 Οὗτοι
961 2695 1058 2774 33⁹
1023 2734 1094 2773 ουτε
1116 2705 1361 2799 οχηματίζεοθαί
1448 2727 1454 2736 ·

284 2837 348 2889 πως
368 2812 464 2880 ἱκανοὶ
481 2810 578 2897 ἦσαν,
597 2816 668 2881 οὔτε
691 2817 720 2909 γ’
740 2813 835 2880 ἐνίοτε
854 2839 896 2880 τα
879 2805 993 2906 θάκρ
995 2840 1035 2880 υα
1031 2815 1200 2944 ᾓέπίχειν
1192 2804 1356 2888 ἠδύναντο

283 2919 568 3042 κριτακρυπτίμενοι
588 2909 645 2982 3’'
633 2946 662 2985 εν
682 2929 749 2997 ταῖς
769 2942 851 3010 οροιν
871 2917 1048 3003 σκηναῖς,ἢ
1067 2922 1125 2993 τὴν
1144 2930 1228 3009 σφῶν
1247 2910 1360 3050 ξυμρο-

284 3019 337 3112 ράν
357 3026 667 3126 κατοιλοριίροντο,’1
647 3027 699 3098 ητ’
719 3022 769 3091 οὖν
771 3021 870 3151 μετά
887 3036 949 3092 τῶν
969 3023 1083 3092 οἰκείων
1104 3052 1158 3090 τον
1178 3027 1279 3094 κοινὸν
1299 3029 1357 3095 κίν-

261 3199 262 3204 ς
283 3049 399 3194 33333'
379 3137 588 3238 ,ιποτνιῶντα
603 3129 654 3196 καὶ
658 3128 750 3224 μεςά
768 3127 803 3202 ἦν
817 3130 923 3198 πάντα
935 3139 997 3197 τῶν
1009 3128 1066 3208 333
1082 3122 1174 3197 333¹
1135 3131 1230 3225 θηκας
1242 3138 1358 3202 ποιούν-

233 3315 237 3322 μ
281 3259 355 3300 των.
369 3215 489 3303 Επειτα
509 3227 543 3301 33
562 3241 627 3333 τοῖς
646 3263 681 3303 τε
699 3238 819 3304 τούτων
820 3233 939 3330 λόγοις
953 3263 988 3303 τε
1003 3263 1054 3304 και
1043 3232 1178 3368 ρόάοις
1196 3265 1249 3304 και
1269 3243 1356 3328 αὐτοὶ

281 3339 309 3406 οἱ
326 3352 372 3429 τῷ
391 3367 429 3433 ςρ
432 3345 531 3408 ατοπέ
516 3317 604 3429 333⁸e
591 3351 699 3420 ιντοῒς
718 3343 1004 3472 ςρατηγικορτάτοις
1023 3343 1166 3439 ἀγόμενοι
1183 3346 1357 3437 ςρατιῶταί

279 3471 315 3512 τι
334 3446 385 3513 καὶ
403 3446 555 3541 χιλίαρχοι
568 3447 620 3528 καὶ
631 3449 782 3576 ἵππαρχοι
797 3448 1020 3549 ἐταράττοντο.
1032 3450 1157 3516 Τούτων
1173 3442 1245 3515 3'
1218 3478 1246 3518 οι
1260 3451 1354 3526 ἦττον

280 3543 375 3623 δειλοὶ
394 3544 526 3626 δοκεῖνθ
512 3553 706 3684 θιλοντες,’
677 3581 710 3620 ου
725 3556 779 3620 τὸν
797 3557 973 3681 πολέμιον’
961 3556 1088 3641 εαυτοὺς
1101 3561 1268 3654 ὑποτρεῖν,
1267 3557 1356 3626 ἀλλά

280 3655 336 3735 τάς
356 3683 391 3725 τε
410 3665 471 3733 τῶν
491 3651 571 3726 333v
589 3660 782 3760 ςενότητας,
801 3658 852 3726 καὶ
874 3662 992 3728 τὸτῶν
1012 3651 1128 3792 μεταξὺ
1147 3665 1230 3756 ορῶν
1250 3665 1355 3732 τεκαὶ

278 3773 336 3830 τοῦ
354 3753 384 3830 A
386 3759 553 3858 93333'
540 3773 668 3832 ινουσῶν
687 3771 765 3832 ὑλῶν
785 3766 983 3876 μίγεθος,’“’
945 3795 964 3841 η
984 3768 1036 3834 καὶ
1058 3769 1096 3836 33
1120 3760 1280 3836 δύσκολον
1299 3782 1352 3849 τῆς

277 3870 465 3964 σιταγωγίας
498 3862 679 3938 3333*
662 3869 803 3965 ερασκον.
829 3871 917 3940 Ενιοι
934 3864 970 3939 33
999 3900 1034 3969 γε
1065 3874 1116 3941 καὶ
1143 3886 1189 3962 τῷ
1193 3875 1352 3970 Καίσαρι

277 3975 493 4070 ἀπήγγειλαν,
522 3981 561 4057 33
591 3978 681 4062 ὁπότ’
707 3974 742 4044 ἀν
777 4005 895 4073 μιταςρ
898 3973 1103 4067 ατοπιθείιοθ
1088 3981 1137 4048 θαι
1169 3980 1262 4076 θελη,
1289 3990 1352 4059 τοῖς

281 4106 315 4146 τε
347 4087 533 4176 ςρατιώπαις
569 4084 611 4152 τὰ
646 4093 759 4178 σημεῖα
789 4080 923 4180 αἴρεσθαι
953 4088 1182 4182 παραγγέλλῃ,
1216 4088 1348 4157 ἀπειθέοι
