3000 5025
422 466 461 535 C.
489 464 691 537 JULIUS
718 464 914 535 CAESAR
1137 494 1209 568 ²7¹

144 595 298 689 σκέψεσθαι
319 595 493 691 φάσκοντος
516 597 566 667 ἐπὶ
586 604 717 692 σχολῆς,
737 597 854 693 χαίρειν
872 596 965 678 ἐάσας
987 603 1081 669 αὐτὸν
1101 607 1117 671 θ
1139 607 1217 673 Καῖ-

142 734 213 803 σαρ,
233 705 275 786 εἰς
298 707 464 801 Πέργαμον
482 706 601 799 ᾤχετο,
618 705 671 773 καὶ
691 707 877 802 προαγαγὼν
898 705 971 785 τοὺς
990 707 1091 803 λης-ἐς
1114 711 1217 780 ἐπαν-

139 842 193 895 τας
214 814 425 908 άνεςαόρωσεν
439 809 467 897 ¹‚.
489 816 592 907 ὥσπερ
617 816 723 892 αὐτοῖς
749 804 851 881 δοκεῖν
872 807 992 894 παίζειν
1017 818 1048 881 ἐν
1070 827 1112 912 τῇ
1133 822 1217 907 νήσω

139 924 308 1017 προειρήκει
326 918 488 999 πολλάκις.

186 1030 259 1099 ΙΠ.’
271 1014 321 1097 E»
336 1020 372 1097 δέ
389 1028 523 1111 τοότου,
534 1034 592 1105 τῆς
602 1028 707 1095 Συλλα
724 1018 883 1121 δυνάμεως
900 1020 963 1103 ήδη
978 1033 1218 1125 μαραινομένης,

139 1135 186 1205 καὶ
203 1146 268 1204 τῶν
283 1134 362 1205 οἴκοι
374 1136 550 1203 καλούντων
563 1124 677 1219 αὐτὸν,
696 1134 840 1203 ἔπλευσεν
855 1134 896 1214 εἰς
914 1121 1014 1204 Ῥόδον
1032 1136 1084 1204 ἐπὶ
1101 1143 1217 1231 σχολήν

139 1244 211 1339 πρὸς
228 1231 430 1313 Ᾰπολλόινιον
449 1242 504 1311 τὸν
523 1250 581 1309 τοῦ
591 1242 743 1321 Μολωνος
754 1238 779 1326 ²,
795 1239 830 1309 οὗ
848 1242 901 1313 καὶ
917 1243 1056 1337 Κικέρων
1072 1248 1220 1338 ήκροοῖτο,
1304 1288 1308 1296 ,

139 1352 355 1443 σοφιςειίοντος
374 1352 547 1440 ἐπιφανῶς,
560 1346 613 1415 καὶ
626 1348 681 1417 τὸν
700 1349 818 1444 τρόπον
836 1352 987 1429 ἐπιεικοῦς
1003 1342 1080 1418 εἶναι
1093 1342 1221 1421 δοκοῦν·
1294 1330 1299 1337 ’

138 1484 198 1538 τος.
222 1458 359 1554 Λέγεται
380 1448 416 1524 δέ
435 1455 488 1523 καὶ
505 1464 598 1549 φῦναι
620 1457 696 1549 πρὸς
714 1457 828 1551 λόγους
852 1459 1032 1536 πολιτικοὺς
1056 1463 1074 1525 θ
1096 1460 1220 1553 Καῖσαρ

138 1562 248 1661 ἐριςα,
266 1563 319 1633 καὶ
338 1555 526 1638 διαπονῆσαι
543 1562 779 1656 φιλοτιμότατα
798 1565 857 1639 τήν
877 1566 982 1693 φύσιν,
998 1570 1039 1643 ὡς
1056 1563 1100 1632 τέ
1114 1557 1220 1635 δευτε·

139 1678 200 1767 μεῖα
223 1672 280 1766 μέν
299 1662 456 1765 ἀδηρίτως
475 1672 574 1762 ἐχειν,
595 1671 634 1738 τὸ
657 1660 694 1737 δέ
716 1676 867 1764 πρωτεῖον
891 1673 1004 1755 ,ὅπως
1026 1682 1068 1765 τῇ
1092 1663 1221 1767 δυνάμει

138 1779 187 1847 καὶ
205 1786 274 1858 τοῖς
292 1781 400 1857 ὅπλοις
420 1788 544 1872 πρῶτος
567 1776 612 1850 εἴη
635 1781 771 1869 μᾶλλον,
794 1777 864 1845 αλλ’
884 1775 1066 1869 ἀσχοληθεὶς
1086 1784 1222 1870 ὑφεῖναι,

137 1887 212 1980 πρὸς
237 1888 313 1979 ὅπερ
338 1892 358 1961 ή
385 1886 474 1978 φόσις
496 1889 657 1979 ὑφηγεῖτο·
681 1893 738 1962 τῆς
765 1886 795 1950 ἐν
821 1891 869 1971 τῷ
894 1885 993 1979 λέγειν
1020 1876 1222 1972 δεινότητος,

137 1994 197 2063 ὑπὸ
216 2000 371 2086 ςρατειῶν
392 1991 446 2061 καὶ
470 1989 650 2074 πολιτείας,
670 1988 692 2084 γ’
713 1993 933 2065 κατεκτήσατο
956 1993 1014 2064 τὴν
1038 1991 1223 2086 ἡγεμονίαν,

139 2104 194 2171 οὐκ
212 2092 399 2194 ἐξικόμενος.
416 2098 520 2177 Αὐτὸς
534 2089 566 2164 δ’
585 2094 635 2165 οὖν
654 2099 763 2191 θςερον
780 2100 810 2163 ἐν
828 2108 869 2173 τῆ
883 2099 960 2190 πρὸς
975 2099 1137 2192 Κικέρωνα
1153 2100 1223 2194 περὶ

137 2207 291 2285 Κάτωνος
312 2191 513 2302 ἐντιγραφῇί
529 2210 745 2299 παραιτεῖται,
760 2206 802 2298 μή
822 2213 1034 2299 ςρατιωτικοῢ
1054 2204 1148 2301 λόγον
1165 2206 1223 2273 ἐν·

138 2308 211 2410 δρὸς
225 2306 439 2393 ἀντεξετάζειν
455 2312 531 2405 πρὸς
550 2303 718 2385 δεινότητα
734 2314 863 2405 ῥήτορος
880 2315 1026 2403 εὐφυοῦς,
1037 2311 1090 2380 καὶ
1108 2315 1223 2405 σχολήν

137 2422 188 2493 ἐπὶ
206 2430 305 2490 τοῦτο
323 2421 441 2494 πολλὴν
461 2415 602 2516 άγοντος.

189 2531 255 2600 IV.
275 2514 460 2597 Κπανελθὼν
480 2519 510 2594 δ’
529 2526 571 2606 εἰς
588 2510 719 2618 ῥώμην,
733 2519 928 2594 Δολοόέλλαν
946 2527 1042 2617 ἐκρινε
1060 2530 1223 2606 κακώσεως

137 2633 307 2731 ἐπαρχίας,
320 2634 373 2703 καὶ
389 2634 504 2704 πολλαὶ
520 2634 583 2704 άπὸ
602 2643 659 2711 τῆς
677 2618 821 2710 Κλλάδος
838 2639 901 2698 τῶν
918 2631 1038 2698 πόλεων
1054 2633 1224 2725 μαρτυρίας

17 2811 19 2837 ,
138 2749 228 2827 αὐτῷ
252 2745 420 2836 παρέσχον.
443 2726 547 2834 Ομέν
571 2736 623 2807 οὖν
642 2733 836 2816 Δολοθέλλας
858 2738 996 2831 άπίφυγε
1018 2740 1075 2812 τήν
1099 2730 1187 2811 δίκην
1200 2724 1223 2804 ⁵.

137 2837 167 2918 0
188 2843 226 2918 δέ
245 2852 387 2933 Καῖσαρ,
402 2841 602 2941 άμειθόμενος
622 2843 680 2913 τῖον
699 2830 831 2912 Ελλάδα
849 2853 906 2922 τῆς
926 2841 1116 2937 προθυμίας,
1134 2870 1227 2920 συνη-

18 3037 20 3058 ,
138 2960 285 3054 γόρευσεν
310 2958 390 3050 αὐτῇ
414 2955 555 3023 Πόπλιον
583 2941 738 3019 Ᾰντόινιον
762 2943 917 3045 διωκούσῃ
941 2941 1155 3041 δωροδοκίας,
1174 2952 1226 3019 ἐπὶ

18 3063 19 3140 ᾖ
138 3065 337 3134 Λευκουλλου
360 3069 418 3130 τοῦ
438 3043 597 3152 Μάρκου6
614 3049 812 3136 Μακεδονίας
836 3068 1007 3153 ςρατηγοῢ.
1026 3057 1091 3125 Καὶ
1113 3068 1226 3126 τοσοῦ-

138 3198 195 3242 τον
215 3169 361 3263 ἴσχυσεν,
373 3173 435 3246 ὥςε
449 3169 504 3236 τὸν
517 3156 673 3234 Ᾱντόινιον
687 3163 927 3234 ἐπικαλέσασθαι
940 3165 1013 3243 τοὺς
1030 3156 1225 3259 δημάρχους,

184 3394 212 3430 1.
234 3370 379 3444 angulari
389 3370 483 3442 jussit;
496 3365 595 3421 deinde
610 3367 664 3420 suf·
707 3365 772 3426 teris
787 3364 879 3436 gracie
886 3363 1121 3436 optimemeritue‚
1130 3366 1163 3418 D.
1172 3367 1226 3420 Co-

140 3453 422 3530 figi..suet.m1v.
707 3465 770 3518 ray,
784 3445 1033 3517 inegregiu‚quam
1044 3445 1146 3516 publici
1156 3448 1226 3518 juris

183 3533 342 3590 2.Male‘hic
348 3529 483 3584 Plutarch.
489 3527 664 3600 Apollonium
707 3525 772 3579 fecit
784 3525 841 3578 vit.
857 3523 977 3577 Parallel.
992 3522 1125 3590 editione,
1140 3526 1226 3592 volu,

140 3615 265 3671 Molonio
292 3613 380 3666 filium
402 3609 483 3675 dicio
499 3608 569 3661 Molo
591 3607 665 3660 enim
708 3625 734 3662 ν.
748 3623 780 3676 φ.
800 3612 866 3676 470.

141 3697 229 3770 ipsius
251 3691 387 3768 Apollonii
410 3707 560 3762 cognomen
586 3700 664 3754 erat3
750 3692 777 3749 4.
793 3685 904 3741 casaris
916 3688 1076 3736 αοείεαεοκεσι
1087 3683 1186 3738 innuit.

141 3769 665 3850 sicquenominautpausimCio.‚Quint.,
753 3767 779 3818 5.
794 3765 924 3818 Defensus
938 3765 1068 3818 sciliceta
1089 3765 1120 3819 C.
1135 3766 1226 3820 Aurel.

142 3859 257 3912 sueton.
710 3846 803 3910 Cotta,
817 3863 849 3897 ex
863 3845 898 3910 Q.
912 3844 1064 3898 Hortensio.

188 3939 216 3991 3.
232 3937 338 3988 Locum
358 3933 449 3997 huuc,
464 3949 544 4001 quem
568 3928 667 3980 frustra
753 3930 780 3979 6.
791 3926 927 3978 Articulus
944 3932 988 3977 τοῦ
1003 3921 1144 3996 distinguit
1155 3925 1228 3980 huuc

143 4009 667 4082 muretentaverantH.Steph.‚Dacen,
710 4005 855 4058 Lucullum
879 4023 894 4057 a
922 4005 954 4057 L.
976 4004 1082 4056 Licinio
1105 4006 1228 4059 Lucullo.
1309 4012 1312 4016 ’

144 4099 248 4170 Bryon,
258 4097 348 4149 Μοιεε
358 4093 424 4146 Duo.
430 4104 458 4145 et
465 4089 668 4160 alii,ingenioee
712 4085 810 4138 Noster
824 4085 871 4140 hio
889 4085 928 4139 M.
946 4084 1055 4139 Terent.
1068 4084 1159 4140 Varro
1172 4087 1228 4140 Ln-

145 4174 346 4233 restituendum
360 4173 489 4246 proponit
501 4172 545 4225 vir
570 4167 605 4222 de
622 4169 667 4221 lit·
711 4167 805 4220 cullas.
1224 4196 1228 4204 .
