3000 5025
244 496 551 566 INTERPRES
579 497 936 567 GRAECUs.·L113.
964 498 1054 578 vll,
1110 496 1187 590 489

123 621 242 722 γέτορυξ
262 635 278 696 ὁ
298 628 473 720 Κιρτιλου,
494 621 715 708 δυνατώτατος
743 628 899 723 άνηρ,,ού
929 631 1006 697 ποτέ
1033 636 1050 697 ό
1081 634 1186 723 πατὴρ

121 735 211 812 πάσης
239 746 295 812 τῆς
316 734 471 814 Γαλατίας
497 731 585 829 ἦρξε,
610 735 661 804 καὶ
680 729 733 802 διὰ
752 746 862 818 τοῦτο,
886 740 936 803 ότι
954 747 1010 814 τῆς
1030 736 1186 820 βασιλείας

60 849 62 852 ’
122 841 268 935 ἐπείγετο,
287 843 348 910 ὑπὸ
377 852 439 908 τῶν
468 846 562 910 αὐτοῦ
590 848 725 910 πολιτῶν
754 842 907 933 ἐρόνευθη·
937 841 1026 920 οὗτος
1054 844 1107 934 μὲν
1135 840 1185 910 οὖν

120 949 184 1025 τοὺς
202 952 313 1016 ἑαυτοῦ
332 947 508 1041 συναγείρας
527 949 693 1028 ὑπηκόους,
715 941 828 1042 ῥᾳδίως
847 951 958 1026 αὐτοὺς
976 947 1017 1025 εἰς
1038 952 1094 1022 τὴν
1113 953 1189 1016 ἑαυε

102 1045 106 1060 ί
120 1063 171 1119 τοῦ
183 1057 306 1148 γνώμην
324 1058 468 1150 ἐπήγαγε·
485 1058 541 1130 τὴν
558 1047 587 1121 δ’
603 1060 698 1123 αὐτοῦ
715 1051 878 1130 ἐπιύουλὴν
894 1055 922 1122 οἱ
936 1045 1085 1149 Ᾰρύέρνοι
1102 1056 1188 1148 γνόν-

120 1183 182 1241 τες,
201 1160 251 1227 ἐπὶ
279 1160 321 1228 τὰ
347 1165 430 1228 όπλα
454 1162 609 1236 συνῆλθον·
637 1163 732 1248 αὐτὸς
759 1154 812 1247 δὲ,
837 1172 893 1229 τοῦ
920 1161 1063 1253 πενθεροῦ
1091 1165 1186 1229 αὐτοῦ

120 1266 285 1347 Βανιτίυνος
306 1270 513 1359 καλουμένου,
535 1268 586 1334 καὶ
616 1265 717 1335 άλλων
747 1279 860 1351 τινῶν,
909 1270 929 1341 η
953 1259 1187 1334 διακινδυνεύειν

121 1373 188 1464 πρὸς
207 1377 278 1452 τοὺς
298 1373 429 1452 πολίτας
452 1378 537 1462 αὐτῷ
557 1370 867 1466 συμύουλευσάντων,
886 1374 926 1451 εἰς
941 1383 1042 1466 χεῖρας
1061 1375 1114 1466 μὲν
1134 1378 1188 1440 αῦ-

120 1484 178 1555 τοῖς
205 1483 238 1546 οὐ
265 1474 427 1572 συνέμιξε,
448 1477 500 1548 καὶ
518 1485 552 1548 ἐκ
576 1491 631 1559 τῆς
661 1476 829 1576 Γεργοῶίας
855 1483 1041 1572 καλούμένης
1070 1481 1189 1558 πόλεως
1238 1558 1241 1562 ¹

121 1576 269 1660 ἐξιύλύθη·
290 1598 347 1665 τῆς
371 1588 521 1680 προτέρας
545 1578 575 1653 δ’
590 1590 685 1654 αὐτοῦ
709 1590 791 1679 ὅμως
809 1591 931 1681 γνώμης
951 1578 1005 1654 διὰ
1024 1589 1110 1654 τοῦτ’
1133 1591 1189 1653 οὐκ

121 1690 290 1776 ἐπαύσατο,
307 1690 389 1761 ἀλλὰ
405 1700 509 1787 ληςῶν
529 1693 580 1760 καὶ
598 1689 737 1768 πενάτων
753 1685 871 1786 ἀνδρῶν
885 1695 1060 1786 καταλογὴν
1076 1696 1105 1759 ἐν
1124 1699 1189 1771 τοῖς

120 1795 214 1889 ἀγροῖς
232 1803 431 1900 ποιούμενος,
446 1800 497 1868 καὶ
519 1791 645 1891 δύναμιν
666 1803 700 1866 ἐκ
717 1802 836 1867 τούτων
851 1802 968 1874 πολλὴν
988 1798 1187 1894 συναγείρων,

120 1905 179 1980 όςις
202 1914 262 1972 τῶν
287 1910 324 1974 ἐκ
344 1917 400 1984 τῆς
419 1906 536 1984 πόλεως
560 1907 634 2000 πρὸς
659 1907 753 1973 αὐτὸν
781 1908 954 1997 άρικνεῖτο,
974 1917 1084 1974 τοῦτον
1104 1909 1187 1973 οὕτω

121 1999 259 2090 διατιθεὶς
271 2063 280 2094 ,
291 2013 511 2104 ἀπεπέμπετο,
526 2017 587 2090 ῶςε
602 2011 937 2104 τὰέαυτρῦμᾶλλονῶ
957 2010 999 2078 τέι
1017 2020 1078 2080 τῶν
1094 2015 1202 2080 αὐτοῦ,

121 2115 224 2210 ἐχθρῶν
251 2128 389 2212 ρρονιῖν,
412 2129 468 2197 τῆς
497 2119 598 2196 πάσης
629 2129 685 2196 τῆς
712 2117 869 2197 Γαλατίας
896 2129 997 2196 κοινῆς
1023 2118 1189 2212 ἐλευθερίας

121 2222 200 2290 ἕνεκα
213 2223 256 2292 τὰ
274 2230 359 2294 ὅπλα
376 2221 543 2318 λαμόάνειν
559 2223 757 2318 παρακαλῶν·
771 2226 850 2294 πολὺ
870 2218 900 2292 δ’
915 2229 1013 2304 οὕτως
1027 2225 1189 2302 συναλίσας

122 2326 157 2406 είς
180 2328 208 2396 ἐν
227 2332 410 2425 ςράτευμα,
436 2333 505 2411 τοὺς
528 2332 581 2425 μὲν
601 2335 696 2399 αὐτοῦ
715 2333 856 2425 ἐχθροὺς,
879 2335 929 2422 ὑφ’
949 2330 989 2398 ὧν
1008 2331 1136 2425 πρόσθεν
1155 2335 1190 2398 ἐκ

121 2444 172 2514 τῆς
194 2439 312 2517 πόλεως
337 2432 538 2523 ἐξεύέύλητο,
553 2440 627 2505 τότε
647 2441 739 2517 αὐτὸς
763 2433 900 2517 ἐξήλασε·
921 2433 1061 2517 ῶασιλεὺς
1082 2430 1112 2503 δ’
1131 2441 1190 2506 ὑπὸ

121 2550 177 2607 τῶν
197 2548 291 2613 αὐτοῦ
312 2546 536 2640 ἀναγορευθεὶς,
555 2545 747 2637 πανταχόθεν
767 2545 852 2623 εὐθὺς
872 2538 1099 2637 διαπέμπεται,
1118 2550 1195 2611 ἑαυ-·

121 2659 163 2735 τῷ
180 2650 334 2719 πείθεσθαι
352 2660 549 2745 παρακαλῶν·
570 2650 621 2717 καὶ
640 2652 723 2729 εὐθὺς
742 2654 814 2729 τούς
833 2677 867 2717 τε
884 2654 1035 2734 Σενῶνας,
1049 2652 1100 2724 καὶ
1118 2653 1191 2727 τοὺς

122 2754 299 2850 Παρισίους,
329 2762 381 2825 καὶ
408 2760 480 2837 τοὺς
510 2761 696 2841 Πυκτῶνας,
717 2757 768 2825 καὶ
800 2749 1018 2849 Καδούρκους,
1038 2756 1089 2834 καὶ
1118 2758 1190 2835 τοὺς

122 2863 289 2955 Αθλέριιους
306 2866 466 2946 ,καὶτοὺς
486 2859 693 2956 Λεμοῶίκυυς,
711 2863 763 2930 καὶ
781 2864 853 2941 τοὺς
872 2868 1014 2956 Τυρῶνας
1026 2914 1035 2945 ,
1049 2864 1101 2931 καὶ
1120 2863 1191 2941 τοὺς

121 2948 238 3052 Ᾰνδας,
258 2970 311 3038 καὶ
332 2972 403 3049 τοὺς
436 2968 547 3048 σίλλους
573 2970 650 3063 πρὸς
669 2978 714 3057 τῷ
733 2954 861 3057 Ὠκεανῷ
879 2968 1054 3054 οἰκοῦντας,
1071 2969 1191 3047 πάντας

123 3072 263 3143 ἀνέπεισε·
279 3077 332 3144 καὶ
351 3079 410 3145 ὑπὸ
431 3077 555 3145 πάντων
578 3080 678 3143 αὐτῶν
700 3078 821 3171 ἡγεμὼν
841 3074 1041 3170 αὐτοκράτωρ
1061 3078 1191 3170 ἀναῤῥη-

123 3175 197 3264 θῑὶς,
212 3188 343 3278 ὁμόρους
363 3180 419 3262 τὰς
434 3185 537 3263 πόλεις
556 3186 675 3278 ταύτας
686 3184 789 3276 ἐρ’τησε
800 3181 875 3264 ,καὶ
894 3186 1090 3276 ςρατιῶτας,
1105 3184 1190 3261 ἐντὸς

124 3289 212 3372 ῥητῆς
242 3292 357 3383 ἡμέρας
385 3290 495 3369 αὐτοὺς
522 3298 660 3382 παρεῖναι
686 3292 833 3371 κελεύων,
852 3291 1024 3383 ἐπήγγειλε·
1044 3289 1129 3357 πόσα
1154 3281 1189 3355 δέ

123 3392 229 3475 ἐκαςος
257 3393 337 3474 οἶκος
364 3399 446 3464 ὅπλα
475 3390 558 3483 αὐτῷ
577 3390 757 3491 παρέξοιτο,
775 3395 825 3463 καὶ
848 3396 948 3479 πόσοι,
967 3396 1052 3473 ἐντὸς
1080 3394 1190 3487 χρόνου

123 3498 202 3577 τινὸς
230 3493 295 3569 δέοι
321 3505 372 3569 ὑπ’
400 3506 501 3570 αὐτῶν
520 3503 820 3584 κατασκευασθῆναι,
845 3500 966 3596 ὁρίσας,
986 3513 1109 3593 πρῶτον
1137 3502 1190 3593 μὲν

124 3605 187 3696 περὶ
201 3610 238 3675 τὸ
254 3609 377 3676 ἱππικὸν
396 3601 587 3693 ἐσπούδασε,
606 3602 721 3682 πολλὴν
742 3607 915 3707 τῇμιγάλῃ
931 3608 1088 3700 ἐπιμελείᾳ
1101 3611 1194 3685 αῦςη-

126 3711 241 3798 ρότητα
270 3715 502 3807 προςιθέμενος,
529 3716 581 3782 καὶ
610 3724 650 3809 τῇ
677 3710 830 3807 ύαρύτητι
856 3726 911 3793 τῆς
944 3711 1090 3807 τιμωρίας
1120 3715 1191 3791 τοὺς

123 3817 283 3899 ὀκνοῦντας
315 3822 494 3916 ἠνάγκασεν·
513 3821 562 3889 ἐπὶ
581 3821 635 3912 μὲν
663 3820 720 3915 γὰρ
749 3813 921 3913 ἀδικήματι
948 3820 1028 3903 τινὶ,
1051 3818 1122 3912 πυρὶ
1141 3818 1192 3886 καὶ

123 3920 233 4003 πάσαις
252 3934 319 4007 ταῖς
339 3925 446 4007 ἄλλαις
466 3923 609 4006 ύασάνοις
623 3928 763 4019 ἐσχάτως
782 3928 893 4005 αὐτοὺς
912 3922 1095 4008 ύαοανίσας,
1114 3927 1191 3994 άπέ·

124 4050 227 4096 κτεινι·
243 4037 356 4126 κούρης
371 4026 408 4101 δέ
420 4060 470 4102 τοι
490 4033 589 4113 αἰτίας
608 4040 689 4111 τινὸς
708 4032 815 4116 ἕνεκα,
836 4031 879 4100 τά
896 4030 964 4121 ὦτα
982 4034 1092 4111 αὐτοὺς
1112 4033 1191 4099 ἀπο·
1221 4057 1225 4063 ·

124 4138 238 4225 τεμὼν,
259 4137 276 4213 ἢ
297 4139 471 4233 ὀφθαλμοὺς
487 4143 654 4233 ,πηρῶσας,
674 4139 714 4217 εἰς
734 4143 790 4214 την
814 4132 954 4232 πατρίδα
976 4139 1127 4223 ἐκείνους,
1148 4147 1206 4224 τῶ-
