3000 5025
297 485 346 557 36
507 490 536 555 J.
559 484 715 555 CELSI
738 481 1133 552 COMMENTARII

293 622 485 716 eonngnse.
500 618 653 689 Secunda
659 614 1013 714 pars,deAEduorum
1024 640 1101 715 curn
1112 618 1281 685 Romanis
1288 606 1377 687 antl-

291 752 365 821 qua
380 726 640 813 neeessltzultne,
650 739 919 822 propterquam
929 746 1001 791 non
1008 721 1264 817 modopossent
1273 726 1375 796 salva

290 834 473 903 honestate
485 834 643 918 destitui,
653 835 851 928 prasertim
868 854 989 924 quum,
1003 844 1087 898 ante
1096 852 1279 899 romanam
1293 856 1377 925 quo-

289 946 564 1033 queanu'eltiam,
585 945 689 1009 totins
712 938 841 1008 Gallius
847 942 1085 1032 prinet'pattun
1100 941 1174 1005 sine
1189 937 1375 1031 llteposse-

288 1046 410 1117 dorent.
434 1050 552 1119 Solere
573 1062 688 1115 autern
710 1048 888 1115 Romanos
908 1048 1096 1112 amicorum
1104 1043 1281 1134 fortunas
1301 1069 1374 1115 non

288 1168 423 1223 tantum
435 1153 635 1246 defendere,
651 1151 716 1221 sed
728 1174 864 1245 augere.
882 1150 1022 1221 AEduos
1035 1175 1117 1244 ergo
1116 1148 1372 1240 floranlsszino

286 1265 426 1329 tnstatu
438 1285 501 1330 suo
516 1284 698 1330 romanam
720 1262 910 1328 amt'cin'am
927 1273 1129 1327 consecutos
1142 1283 1150 1325 ε
1163 1256 1228 1326 sub
1249 1259 1372 1330 eadem

277 1384 422 1462 posteo,
427 1374 665 1464 principatum
674 1371 810 1435 servitio
815 1418 827 1451 ,
832 1370 1102 1461 prosperitatem
1111 1365 1373 1437 calamanno

277 1492 516 1567 permutasse,
536 1497 608 1570 qua
621 1473 771 1566 fronte,
794 1497 916 1566 quove,
929 1476 1046 1541 animo
1074 1473 1219 1541 tolerari
1233 1476 1372 1567 posse?

284 1582 374 1651 Finis
400 1582 480 1669 fuit,
501 1598 541 1651 ut
554 1595 693 1676 peteret
717 1579 838 1649 eadem
864 1585 963 1674 ipsa,
983 1603 1064 1673 qua
1090 1579 1282 1674 legatorum
1309 1606 1370 1650 ore

276 1695 454 1781 petierat:
474 1689 563 1759 bello
581 1694 617 1757 ln
638 1686 778 1757 AEduos
795 1702 901 1781 atque
921 1686 1054 1779 inuras
1074 1685 1282 1772 abstineret,
1306 1687 1368 1757 ob·

281 1795 374 1863 st'eles
383 1796 557 1882 redderet,
575 1798 768 1865 Germanos
778 1799 812 1863 si
821 1798 975 1862 ena'ttere
969 1793 1135 1884 forsitan
1146 1816 1217 1861 non
1221 1810 1364 1888 posset,

282 1917 325 1969 at
338 1904 462 1971 saltem
480 1927 524 1971 ne
539 1904 630 1971 allos
644 1907 680 1969 t'n
701 1901 840 1970 Gallias
857 1915 1119 1995 transportaret.
1141 1900 1309 1983 Barbarus
1323 1902 1368 1971 ad

281 2009 453 2101 ingenium
462 2032 634 2095 reversus,
649 2006 786 2102 plenum
806 2006 972 2101 superbia)
978 2007 1215 2101 jactantiaque
1231 2032 1366 2102 respon

189 2126 193 2135 '
279 2138 355 2183 sum
379 2114 532 2183 reddidit.
556 2118 601 2183 Et
623 2116 732 2208 primo
751 2112 888 2207 quidem
902 2117 1047 2182 onustes
1064 2119 1139 2209 ipse
1152 2130 1188 2182 et
1212 2138 1364 2185 ressuas

279 2218 394 2291 multis
419 2220 546 2290 extulit.
574 2220 677 2309 Quod
703 2220 745 2287 ad
772 2221 950 2289 transitum
974 2222 1010 2287 in
1036 2218 1162 2291 Gallias
1186 2222 1363 2312 attineret,

277 2333 445 2397 transisse
458 2327 593 2422 quedem
608 2351 678 2396 non
686 2342 822 2421 sponte,
833 2326 899 2395 sed
904 2342 1064 2396 coactum
1065 2327 1229 2423 precibus
1245 2331 1364 2399 Gallo

278 2458 361 2503 rum.
369 2437 406 2503 E
407 2450 420 2502 t
426 2436 509 2522 noll,
520 2428 676 2528 inquit,o'
682 2434 814 2521 Coesar,
826 2438 976 2528 eptnart',
985 2439 1059 2502 sine
1066 2442 1362 2530 magnaproemto-

276 2565 437 2636 rumspe,
449 2539 1360 2638 etpromtsststngenn'bns,meproptnquosetpatrtam

274 2650 461 2742 relt'qulsse.
473 2647 600 2718 Habeo
614 2671 678 2741 ego
691 2647 790 2715 sedes
802 2652 838 2715 in
854 2648 991 2734 Gallia,
1005 2649 1116 2716 labeo
1130 2665 1164 2718 et
1176 2648 1313 2740 obsides
1325 2669 1363 2721 et

274 2754 404 2824 trtlruta
411 2781 425 2841 ,·
441 2755 528 2824 nt'ln'l
536 2755 656 2823 ltorum
671 2758 728 2841 m',
748 2753 814 2821 sed
832 2755 1012 2823 Gallorum
1025 2760 1144 2824 ontnt'a
1153 2757 1357 2851 voluntate,

266 2877 403 2956 praeter
415 2860 565 2949 tributa,
588 2859 755 2955 qnmjure
773 2859 856 2929 bettt
873 2866 974 2930 nt'ctts
994 2866 1161 2958 imposne,
1178 2863 1276 2957 quod
1287 2889 1360 2936 non

272 2991 338 3061 ego
356 2968 491 3061 quidem
506 2967 629 3036 bellum
650 2967 718 3036 illis
726 3021 738 3053 ,
752 2966 817 3034 sed
826 2972 896 3063 ipsi
900 2972 1052 3062 primum
1065 2971 1258 3040 intulerunt.
1280 2973 1358 3048 Orn-

177 3149 182 3177 (
271 3097 334 3142 nes
352 3076 456 3143 st'rnul
477 3074 606 3143 Gallice
618 3074 747 3169 populi
766 3078 802 3141 in
821 3097 875 3141 me
895 3097 997 3142 arma
1017 3099 1169 3162 movere,
1189 3101 1277 3171 quos
1290 3103 1356 3172 ego

271 3205 389 3250 omnes
405 3205 474 3249 uno
489 3181 620 3276 proelto
641 3185 733 3250 uici:
755 3185 789 3248 si
804 3179 966 3273 deceptos
985 3205 1038 3267 se,
1062 3184 1123 3251 uel
1139 3185 1272 3253 tnsulus
1290 3191 1355 3254 cir·

272 3303 467 3356 eumventos
487 3287 626 3375 dicant,
644 3310 714 3356 non
735 3310 855 3354 reauo
868 3309 1033 3380 pugnare
1052 3293 1193 3378 lterum,
1213 3308 1356 3362 certam-

268 3419 336 3490 que
351 3400 534 3463 uictoriam
557 3399 592 3462 t'n
614 3392 779 3486 ambigua
787 3391 953 3484 fortuna
972 3395 1074 3464 lance
1091 3420 1280 3492 reponere:
1297 3406 1353 3469 sin

261 3525 390 3597 paoem
406 3501 494 3570 bello
502 3501 703 3597 praeferunt
709 3525 722 3584 ,·
739 3523 801 3567 eur
812 3523 884 3568 non
898 3499 1029 3572 trtluta
1033 3506 1253 3598 persolvant,
1269 3530 1353 3598 quae

260 3633 331 3704 pro
345 3633 443 3703 paee
469 3620 716 3691 convenerunt,
738 3621 775 3674 et
798 3606 965 3681 hactenus
984 3613 1059 3678 sine
1079 3610 1354 3684 contradicttone

259 3716 523 3811 persolverant?
546 3712 651 3805 Quod
668 3712 712 3782 de
737 3713 953 3784 muln'tudtne
975 3718 1223 3786 Germanorum
1242 3718 1347 3809 deis,

265 3823 358 3898 lano
379 3828 414 3890 in
439 3823 578 3892 Gallias
604 3843 675 3888 non
696 3819 899 3915 stansquam
921 3821 1057 3914 murus
1068 3875 1080 3909 ,
1104 3823 1170 3892 sed
1186 3849 1274 3895 mea
1293 3827 1349 3897 de

252 3917 433 4021 finstoru's
458 3932 579 4023 gratia
608 3925 777 4015 treuluco:
795 3928 898 4022 t'clque
924 3929 983 3998 uel
1003 3929 1084 3998 letne
1098 3948 1226 4026 patet,
1253 3935 1352 4028 quod

263 4053 408 4131 rogatus
427 4039 523 4120 ueni,
548 4033 739 4136 bellumque
760 4059 831 4104 non
850 4037 970 4120 intuli,
990 4036 1056 4106 sed
1071 4041 1190 4134 repuli.
1212 4041 1344 4110 Amut-

265 4141 568 4239 n'amsanepopull
577 4147 728 4228 romani,
747 4158 789 4212 ut-
797 4143 916 4214 decon'
926 4159 961 4213 et
966 4146 1137 4240 prasidio
1143 4146 1341 4237 militasset,
