3000 5025
302 496 378 578 ²¹4
511 493 540 560 J.
569 490 726 561 CELSI
753 484 1148 594 COMlllEllTARII

300 622 621 720 cupziltitssaciam,
637 636 674 691 et
676 620 841 718 publicas
852 618 957 689 libere
971 619 1092 687 ulcuci
1105 616 1262 700 ναῖεαιη,
1281 614 1379 709 quod

286 731 454 823 fortasse
472 735 523 799 sic
539 754 610 799 non
626 752 787 825 possem,
809 732 843 795 si
859 731 897 795 in
916 724 1112 816 mefialsset
1126 722 1373 817 obsequiosus,

290 844 438 933 privata
446 842 567 932 gratie
572 834 725 933 publicis
738 832 924 903 commout
930 883 943 918 ,
958 833 1109 900 utsolt‘ta
1120 845 1185 916 est,
1198 828 1378 899 obstante:

208 946 210 951 ’
299 944 356 1013 hic
373 958 488 1015 autem
503 958 620 1013 vester
630 965 700 1011 nort
715 956 788 1010 tam
803 936 886 1009 ratiti
896 940 1084 1024 consuunt,
1111 943 1170 1007 cui
1181 937 1317 1005 cielitttt
1334 934 1380 1003 de

300 1048 456 1120 omnibus
477 1048 618 1119 decreta
637 1052 788 1119 victoriis
803 1061 904 1133 erat,
920 1044 1182 1140 quamsibi,r1e
1199 1067 1276 1112 cum
1297 1042 1380 1110 atet

300 1162 502 1227 vinceretur.
522 1159 684 1249 Qus'sqm's
700 1159 790 1223 emin
810 1168 934 1244 contra
954 1176 1009 1222 me
1023 1157 1142 1237 uenit,
1165 1150 1265 1219 haud
1274 1148 1379 1217 dubie

299 1270 414 1333 victus
428 1261 536 1331 obiit:
554 1262 634 1331 ttae
653 1277 691 1330 et
698 1266 820 1356 igitur,
836 1282 928 1354 quas
939 1264 1127 1345 remittam,
1141 1263 1303 1353 privatas
1316 1255 1378 1347 of·

287 1370 477 1461 sectiones
487 1369 604 1437 nullas
617 1366 745 1453 liabeo,
759 1373 835 1461 qui,
856 1366 1036 1453 ιιιῶεἱιιὲς,
1060 1367 1113 1433 rtil
1126 1371 1200 1458 egit
1213 1363 1380 1432 adversm

300 1501 377 1564 me,·
390 1473 556 1570 publicas
581 1480 737 1561 remitto,
765 1475 847 1543 t'llas
872 1488 1009 1562 tamen,
1033 1495 1114 1565 quoe
1134 1469 1380 1565 irreptuabiles

300 1601 397 1671 sunt,
411 1597 452 1650 ut
462 1581 576 1651 caedes
588 1604 633 1651 ac
644 1582 791 1650 vulnera
801 1595 835 1650 et
846 1578 995 1649 ludibrii
1007 1583 1128 1648 civium
1140 1598 1379 1660 romanorum:

296 1691 443 1786 praedes
455 1704 489 1757 et
502 1686 627 1757 ablata
641 1693 829 1774 restituere,
843 1710 924 1781 quce
929 1700 1061 1782 potest,
1072 1688 1238 1753 Romami
1239 1689 1383 1780 pariter

300 1803 469 1891 sociisque
479 1822 492 1881 ,·
503 1794 771 1890 publicanorum
769 1794 961 1886 familias,
982 1815 1074 1886 quas
1081 1815 1152 1885 per
1170 1797 1240 1860 vim
1258 1806 1377 1881 tenet,

301 1910 452 1973 emittere
463 1902 515 1970 ad
525 1899 715 1971 libertatem
720 1927 734 1986 ,·
746 1924 852 1996 super
862 1904 980 1970 omnttt
992 1902 1108 1967 Ponto
1121 1896 1289 1967 excedere
1299 1914 1379 1967 sta·-

302 2015 362 2079 tim
366 2009 497 2101 jubeo:
511 2013 545 2076 si
555 2012 741 2103 paruerit,
759 2022 829 2075 tum
846 2006 981 2075 &mum
1001 2029 1144 2075 munera
1163 2003 1212 2073 ab
1231 2030 1274 2073 eo
1297 2006 1382 2075 mit

301 2122 507 2186 transmissa
526 2118 713 2210 recipiam:
731 2103 885 2207 alioquin
899 2136 980 2208 spes
991 2112 1185 2181 concordie
1200 2110 1300 2180 natta
1317 2129 1378 2182 est.

303 2225 378 2291 Hoc
396 2240 593 2314 responsum
614 2244 719 2313 quum
740 2217 840 2313 legati
862 2217 1071 2306 retulissent,
1088 2219 1278 2305 Pharnaces
1296 2218 1380 2289 nihil

301 2327 407 2397 verbo
433 2324 567 2422 quidem
580 2364 596 2414 ·,
618 2326 730 2395 animo
751 2340 863 2395 autem
888 2327 1001 2394 omnia
1022 2327 1214 2413 recusavit,
1239 2350 1379 2419 sperans

302 2435 442 2503 Caesaris
461 2431 642 2502 discessum
661 2457 729 2501 non
741 2457 849 2527 ‘posse
872 2430 1021 2519 differri,
1039 2456 1139 2528 quern
1153 2433 1223 2526 jam
1243 2432 1379 2527 publice

302 2555 421 2609 notum
443 2554 530 2610 esset
547 2539 659 2610 multis
680 2554 714 2608 et
734 2541 864 2634 magnis
880 2563 923 2609 ex
943 2541 1050 2610 causis
1068 2539 1178 2608 redire
1192 2541 1227 2607 in
1245 2539 1378 2609 Italiam

302 2661 472 2743 oportere:
494 2647 606 2740 itaque
626 2647 857 2742 tergiversari,
872 2645 1027 2716 simulare
1045 2646 1300 2740 impedimenta,
1317 2673 1379 2717 oc-

302 2756 496 2850 cupationes
510 2752 652 2848 fingere,
661 2775 772 2822 moras
784 2767 934 2840 nectere,
947 2751 1123 2822 dilationes
1132 2765 1166 2822 et
1178 2777 1268 2822 nova
1278 2769 1379 2848 pacta

301 2863 470 2954 aucupari.
495 2861 607 2931 Gaesar
626 2858 794 2946 fraudem,
816 2885 879 2929 nec
892 2857 1028 2929 difficile
1050 2873 1146 2947 erat,
1167 2858 1379 2954 intelligens,

302 2965 496 3036 naturaliter
521 2967 629 3034 insitae
646 2964 827 3053 celeritati,
844 2991 910 3060 qua
934 2989 1021 3060 saepe
1039 2990 1146 3061 parvo
1159 2969 1322 3060 temporis
1343 2969 1379 3036 in

301 3075 408 3167 spatio
425 3070 531 3140 multa
548 3086 582 3140 et
594 3096 716 3167 magna
736 3072 943 3160 confecerat,
961 3071 1100 3142 consilio
1112 3070 1223 3142 calcar
1239 3072 1377 3167 adjecit,

302 3193 336 3248 et
352 3201 552 3274 properans,
566 3179 687 3272 quaein
703 3181 812 3248 Ponto
830 3179 960 3274 agenda
971 3193 1098 3268 essent,
1115 3179 1291 3274 expedire,
1309 3205 1377 3275 quo

300 3287 463 3354 maturius
481 3283 524 3352 ad
538 3283 669 3354 Italiam
686 3287 874 3379 navigaret;
888 3286 981 3355 venit
991 3287 1093 3380 igitur
1105 3286 1307 3381 improvisus
1323 3302 1377 3356 at-

299 3415 364 3485 que
376 3391 740 3486 inexpectatusZelam,
750 3393 848 3461 Ponti
861 3391 1040 3486 oppidum:
1050 3395 1142 3461 venit
1154 3408 1267 3462 antem
1280 3395 1375 3488 quasi

300 3495 427 3566 tulmen
448 3498 583 3567 veniens
609 3498 827 3590 feriensque,
849 3496 945 3567 simul
973 3513 1074 3594 atque
1095 3500 1244 3589 abiens,
1262 3503 1310 3570 sic
1337 3515 1375 3569 ut

300 3627 405 3674 unum
421 3604 463 3672 ab
488 3601 552 3672 alio
573 3605 754 3674 internosci
772 3619 923 3698 nequeat.
952 3607 1025 3674 Rex
1049 3606 1159 3675 subita
1181 3631 1218 3674 re
1238 3605 1373 3701 percul-

300 3735 367 3798 sus,
377 3733 480 3804 quum
500 3711 535 3778 in
544 3712 649 3780 aciem
666 3711 828 3799 venisset,
839 3735 963 3808 magno
975 3711 1272 3808 praeliovictusest.
1287 3717 1372 3782 Tum

300 3816 492 3910 compositis
511 3817 610 3886 Ponti
629 3816 748 3905 rebus,
767 3831 802 3886 et
823 3843 902 3914 rege
919 3818 962 3889 ad
979 3843 1038 3906 ea,
1056 3843 1130 3913 quae
1152 3843 1188 3890 se
1206 3819 1373 3890 facturum

300 3936 419 4019 sponte
440 3923 655 4016 promiserat,
682 3925 715 3990 vi
737 3939 871 4013 coact03
892 3950 911 3994 e
933 3928 1043 3995 Ponto
1058 3940 1195 4020 totaque
1211 3926 1372 4020 Asianis-

301 4030 407 4100 cessit.
430 4032 475 4100 Et
493 4029 564 4098 haec
584 4031 699 4100 omnia
723 4033 845 4126 raptim
865 4031 949 4101 adeo
967 4047 1060 4126 gesta
1081 4047 1176 4120 sunt,
1191 4047 1230 4102 ut
1247 4033 1290 4103 de
1308 4033 1372 4102 hoc

298 4134 387 4208 bello
401 4138 514 4212 Cesar
533 4135 605 4230 ipse
622 4135 749 4208 diceret
771 4140 835 4207 tria
853 4137 924 4208 haec
939 4139 1048 4209 *verba
1069 4139 1247 4240 duntaxat:
1272 4145 1373 4224 Veni,
