3000 5025
263 497 336 567 on
364 497 496 567 vlri
523 493 678 566 tunm
707 496 970 567 casteis,
1084 494 1154 593 137

98 628 191 696 Casar
208 630 270 698 etsi
295 631 424 699 animos
447 628 632 699 AEduorum
657 644 816 718 noverat,
832 627 948 725 legatis
970 645 1083 699 tamen
1101 656 1158 701 eo·

33 740 35 821 ξ
98 758 156 803 rum
174 736 215 831 ad
234 760 269 803 se
293 735 504 805 venientibus
529 735 804 831 benignissimum
827 761 1023 831 responsum
1044 737 1157 806 dedit:

91 857 217 937 propter
242 842 381 937 aliquot
406 842 610 912 dementium
642 848 857 929 candacem,
890 868 961 913 uon
986 868 1024 912 se
1048 848 1160 913 miuus

33 926 35 1009 l
97 946 191 1017 urbem
223 948 292 1017 sibi
315 954 530 1019 consanam
555 972 676 1018 umore
702 975 710 1017 :
732 974 797 1019 nec
817 949 886 1018 srlu'
892 974 1002 1045 posse
1027 956 1063 1019 in
1088 955 1161 1019 ani-

33 1090 35 1155 }
97 1077 168 1137 nam
184 1060 319 1143 uentre,
343 1070 383 1125 ut
397 1081 484 1151 quos
509 1062 582 1154 ipse
600 1072 781 1153 tantopere
796 1056 943 1151 (lingat,
960 1080 1161 1153 semperque

96 1158 250 1251 dilexerit,
276 1162 325 1231 ab
351 1168 393 1231 ds
407 1168 554 1259 parcan
571 1162 745 1257 diligatur.
774 1167 855 1231 Haec
873 1162 997 1257 legatis.

137 1267 183 1351 Ad
199 1294 235 1337 se
249 1284 363 1338 autem
376 1271 464 1339 curis
480 1294 540 1338 cor
555 1270 727 1339 urentibus
739 1294 874 1353 versus,
893 1269 1000 1339 multa
1016 1271 1159 1338 circum-

70 1417 72 1421 ι
98 1375 236 1466 spiciens,
259 1401 399 1471 magnos
413 1376 559 1470 undique
573 1391 812 1472 consurgentes
827 1391 939 1445 motus
952 1373 1069 1445 Galliae
1081 1400 1162 1470 pre

96 1478 218 1549 videbat.
226 1482 344 1571 Quum
353 1482 635 1575 intereaquaedam
643 1483 703 1551 sibi
713 1497 934 1577 praeterspem
942 1483 1162 1577 prosperioris

33 1658 34 1671 ἶ
98 1602 216 1657 eventus
240 1591 372 1659 occasio
397 1614 431 1658 se
457 1589 621 1659 ostendit:
642 1588 729 1659 forte
754 1591 843 1657 euim
867 1591 901 1657 in
923 1613 1001 1657 eum
1022 1587 1161 1671 collem,

97 1718 177 1785 quem
192 1710 330 1791 captum
350 1710 385 1765 et
402 1699 646 1765 communitum
665 1697 783 1765 castris
800 1694 1006 1781 minoribus3
1025 1693 1161 1790 deputa·

98 1812 167 1885 tum,
181 1802 338 1897 fossaque
351 1804 532 1897 majoribus
548 1804 663 1873 castris
678 1802 874 1895 adjunctum
884 1802 1164 1885 memoravimus,
1235 1866 1240 1871 .

97 1909 249 1999 spectandi
268 1911 375 2003 gratia
393 1908 647 1994 conscendenti,
662 1909 755 1979 collis
771 1907 856 1979 alter
869 1908 912 1976 ab
925 1908 1078 1977 hostibus
1089 1932 1163 2002 pos

33 2006 35 2097 ζ
98 2036 205 2099 sessus,
224 2018 385 2110 apparuit
403 2040 529 2085 vacuus
557 2016 735 2101 custodiis,
755 2016 876 2110 quibus
901 2004 1163 2097 confectissimus

98 2142 153 2189 esse
169 2137 397 2205 consueverat.
420 2126 507 2191 Tum
524 2146 706 2218 parumper
726 2121 869 2218 gradum
886 2122 959 2215 lixit
979 2121 1161 2205 admirans,

33 2284 35 2331 ἱ
97 2227 192 2320 nuuc
214 2252 350 2297 causam
372 2231 523 2324 quesivit
545 2254 585 2297 ex
608 2229 776 2325 profugis,
795 2230 853 2323 qui
875 2230 911 2297 in
931 2227 1000 2297 dies
1020 2228 1162 2306 adeum
1229 2280 1253 2313 ,

33 2332 51 2353 ”
97 2332 174 2415 multi
190 2336 387 2423 veniebant3
406 2336 499 2406 audit
516 2361 557 2403 ex
576 2338 633 2419 iis,
651 2336 741 2431 quod
756 2335 800 2404 ab
812 2334 1078 2430 exploratoribus
1095 2336 1163 2404 suis

95 2436 150 2530 jam
168 2444 260 2538 prius
280 2442 447 2538 eudierat,
470 2467 586 2511 omnes
612 2443 688 2514 inde
714 2456 873 2513 evocatos
895 2441 939 2509 ad
964 2441 1163 2511 muniendos

97 2545 188 2618 aditus
206 2548 271 2618 loci
285 2548 436 2632 alterius,
451 2552 505 2620 cui
519 2551 661 2619 maxime
676 2545 886 2632 metuebant,
900 2548 992 2642 quod
1006 2549 1084 2617 inde
1097 2548 1164 2643 pla·

97 2675 164 2722 num
183 2657 247 2724 iter
270 2671 357 2724 esset
377 2656 421 2724 ad
442 2656 621 2752 oppidum:
634 2682 734 2750 quem
753 2655 880 2724 aditum
899 2657 926 2722 si
948 2657 1095 2722 Romani
1107 2680 1162 2722 ca·

97 2777 216 2852 petent,
228 2765 287 2856 qui
300 2760 420 2832 collem
432 2763 573 2831 alterum
581 2763 651 2855 jam
665 2762 845 2846 haberent,
861 2775 934 2828 tum
949 2761 1011 2830 sibi
1025 2786 1163 2854 prorsus

98 2865 205 2952 obsessi
230 2883 265 2938 et
290 2867 408 2938 seclusi
432 2894 451 2937 a
476 2871 559 2954 suis,
582 2884 616 2938 et
641 2867 765 2939 exclusi
787 2867 830 2936 ab
852 2869 943 2936 omni
968 2866 1085 2936 libero
1098 2867 1167 2936 dis÷

99 2995 184 3044 cursu
198 2991 299 3072 atque
318 3000 337 3043 a
357 2975 481 3070 pabulo
499 2976 708 3046 videbantur.
729 2978 805 3044 Hoc
825 2974 957 3058 audito,
976 2999 1092 3042 recens
1109 2999 1165 3042 cos

33 3129 35 3180 3
99 3081 199 3172 gitatio
213 3084 380 3178 percussit
392 3097 529 3178 repente
546 3084 710 3166 animum,
727 3081 840 3152 locum
855 3081 947 3150 illum
966 3081 1162 3177 occupandi.

33 3187 35 3256 ἶ
100 3186 168 3256 Erat
182 3204 295 3276 autem
313 3203 433 3258 natura
450 3204 485 3258 et
502 3213 604 3258 manu
620 3189 795 3258 bominum
810 3190 953 3284 aggestis
968 3188 1165 3282 perplexum

33 3297 34 3374 l
100 3291 151 3360 iter
170 3299 278 3379 saxis,
293 3311 328 3364 et
349 3321 449 3390 super
471 3294 638 3391 duplicem
660 3294 913 3379 difficultatem,
934 3297 998 3378 tria
1018 3295 1065 3362 ibi
1077 3295 1161 3365 -hos-

101 3398 170 3468 tium
197 3418 308 3473 castre
336 3404 536 3474 munitiones
564 3402 772 3473 insederant:
787 3402 845 3472 sed
868 3399 1016 3471 difficilia
1044 3415 1191 3470 cuncw

33 3597 35 3610 ἱ
101 3528 302 3604 perrumpere
316 3510 430 3580 virtus
437 3524 536 3580 amat.
553 3513 737 3580 Ostentatis
749 3508 952 3604 legionibus,
968 3509 1063 3600 quasi
1076 3507 1166 3577 aliud

33 3611 34 3702 J
103 3629 173 3684 esset
185 3631 339 3700 acturus,
357 3631 391 3684 et
408 3616 472 3686 hac
489 3615 564 3687 illac
578 3643 637 3712 per
656 3617 809 3688 tenebras
826 3617 934 3684 metis
951 3629 1167 3708 magnostre

33 3783 35 3810 Ι
102 3718 163 3810 pitu
172 3721 356 3794 discurrere
367 3721 467 3814 jussis
482 3723 665 3818 equitibus,
679 3737 713 3792 et
727 3723 885 3793 immixtis
899 3721 1007 3814 turbae
1020 3719 1169 3789 mulioni-

102 3821 154 3894 bas
159 3829 305 3923 galeatis,
315 3854 382 3924 quo
392 3831 499 3924 major
513 3854 552 3900 ac
567 3831 766 3926 strepentior
777 3843 889 3898 motus
897 3841 994 3910 esset,
1002 3828 1168 3896 omnium«

33 3925 34 3974 t
103 3953 156 4022 que
170 3937 297 4006 animos
314 3961 429 4008 errore
442 3961 619 4031 acpavore
637 3937 749 4020 vario,
764 3951 865 4030 atque
875 3937 1002 4004 incerta
1016 3948 1169 4028 expecnf
1193 4009 1196 4017 ,
1297 3926 1304 3932 ’

103 4037 178 4108 tio'ne
195 4042 427 4139 suspenderet,
443 4045 531 4138 ipse,
549 4044 701 4114 hostibus
717 4045 753 4111 in
770 4043 991 4137 suspicionem
1005 4041 1170 4135 trepidam

33 4203 35 4220 ,
104 4142 257 4240 adductis,
275 4141 394 4246 legatis
419 4149 586 4250 legionum
610 4148 691 4250 quid
715 4163 829 4247 paret,
845 4151 976 4243 ¹sperit,
1000 4163 1163 4246 quaemus
