3000 5025
252 494 561 562 INTERPRES
588 494 821 562 GRAECUS.
850 496 946 564 LIB.
975 496 1026 563 II.
1116 493 1191 567 383
1266 577 1268 582 ¹

121 616 245 691 δασειῶν
263 619 488 718 ἐμόληθεισῶν,
501 622 552 693 καὶ
571 628 628 698 τὴν
649 622 799 719 πρόσοψιν
819 632 1020 710 κωλυουσῶν,
1039 627 1113 695 οὔτε
1134 628 1192 707 τὰς

121 731 288 824 έπικουρίας
301 722 467 812 διατάξαι,
478 732 549 799 οὔτε
568 730 601 797 τί
615 732 788 823 ἑκαςαχόσε
800 735 944 807 ποιητέον
958 731 1004 807 ε’ίη
1015 784 1026 817 ,
1037 741 1193 826 προνοεῖν,

120 838 188 905 οὔτε
205 864 239 932 γι
261 838 369 907 πάντα
391 840 615 933 παραγγέλλειν
641 835 682 916 εἷς
705 830 854 913 ἠδύνατο·
873 842 1031 908 τοσούτων
1049 831 1080 906 δ’
1095 842 1192 909 όντων

122 952 179 1011 τῶν
195 936 388 1039 δυοχερειῶν,
399 944 450 1013 καὶ
465 946 511 1012 ἔτι
528 942 646 1023 πολλὰς
661 946 747 1037 ίσχεν
761 927 781 1019 ό
797 946 882 1037 μάχη
897 936 982 1023 ἰδέας
996 945 1049 1014 καὶ
1062 948 1192 1039 τροπάς.

171 1054 302 1121 XXIII.
319 1052 360 1117 Οἱ
378 1049 506 1144 μὲνγὰρ
526 1061 582 1118 τοῦ
606 1042 739 1119 δεκάτου
757 1051 862 1120 τεκαὶ
884 1052 1011 1120 έννοίτου
1030 1051 1193 1146 τάγματος

122 1169 293 1250 ςρατιῶται
303 1209 314 1242 ,
326 1160 364 1227 τὸ
383 1150 481 1235 δεξιὸν
495 1160 584 1250 κέρας
603 1167 659 1225 τοῦ
680 1160 896 1251 ςρατεόματος
911 1161 1049 1250 ἔχοντες,
1060 1157 1103 1225 τὰ
1116 1166 1196 1227 παλ·

119 1260 159 1331 τά
177 1264 218 1343 εἰς
235 1266 308 1342 τοὺς
327 1263 492 1357 πολεμίους
513 1264 673 1354 ἀφιέντες,
687 1256 796 1358 δρόμῳ
818 1267 849 1333 τ’
866 1256 928 1339 ἤδη
950 1265 1194 1357 ἀποκαμόντας,

122 1371 168 1437 καὶ
185 1372 261 1439 τότε
279 1372 340 1439 ὑπὸ
355 1369 541 1463 τραυμάτων
557 1371 763 1463 ἀπειρηκότας
780 1372 853 1450 τοὺς
873 1359 1059 1464 Ᾰτριόάτας
1075 1365 1194 1455 (τοῦτο

121 1474 175 1571 γὰρ
191 1478 228 1545 τὸ
243 1487 305 1543 τῶν
321 1476 474 1569 πολεμίων
488 1477 577 1571 μέρος
592 1473 727 1568 ἔλαχον)
744 1476 829 1555 εὐθὺς
843 1478 906 1545 ἀπὸ
919 1487 982 1545 τῶν
999 1475 1099 1570 άιιρων
1118 1478 1194 1568 πρὸς

121 1584 171 1651 τὸν
186 1585 331 1677 ποταμὸν
346 1584 525 1659 ἀπήλασαν.
541 1585 659 1661 Αὐτοός
673 1609 709 1649 τε
721 1582 777 1649 τὸν
791 1583 935 1676 ποταμὸν
949 1576 1117 1651 διαὸαίνειν
1131 1587 1196 1652 ε’πι-

121 1698 316 1783 χειροῦντας,
330 1691 460 1757 κατόπιν
480 1680 664 1771 διώκοντες,
677 1690 812 1765 πολλοὺς
827 1694 928 1756 αὐτῶν
943 1696 1012 1768 ταῖς
1029 1689 1194 1783 μαχαίραις

121 1798 247 1889 ἀνγίρουν
263 1794 346 1863 κατὰ
361 1796 486 1889 κράτος.
501 1775 623 1863 Ιθπιιτα
641 1786 676 1863 δὲ
694 1794 746 1861 καὶ
769 1795 823 1863 τὸν
842 1797 985 1888 ποταμὸν
1010 1788 1194 1879 διαθέντες,
1240 1816 1243 1823 ·

120 1902 158 1981 εἰς
173 1894 348 1995 δυσχωρίαν
362 1903 399 1969 τέ
413 1928 483 1970 τινα
494 1901 712 1994 προελθόντες,
727 1904 809 1992 ὅμως
827 1901 922 1969 πάλιν
940 1903 1012 1980 τοὺς
1029 1904 1194 1995 πολεμίους

121 2006 202 2087 αὖθις
217 2009 360 2087 ἐπιόντας
373 2034 425 2093 τε,
439 2007 491 2075 καὶ
504 2008 756 2100 ἀναμαχομένους
770 2005 911 2100 ἔτρεψαν.
926 1992 1079 2085 ίδσαιίτως
1093 2000 1195 2076 δὲκαὶ

124 2108 177 2183 δύο
197 2111 280 2182 ἀλλα
300 2113 465 2210 τάγματα,
479 2115 538 2198 τό,
552 2139 587 2181 τε
606 2107 787 2197 ἑνδέκατον,
800 2113 852 2183 καὶ
870 2106 997 2209 ὄγδοον,
1011 2115 1085 2192 τοὺς
1100 2118 1196 2209 Βερο-

121 2214 282 2315 μανδουεῒς
304 2222 544 2314 ἀντιταχθέντας
565 2220 649 2313 σφίσι
669 2218 858 2313 τρέψαντες,
872 2223 902 2288 iv
924 2224 1033 2299 αὐταῖς
1050 2229 1119 2299 ταῖς
1138 2230 1196 2289 τοῦ

121 2338 265 2422 ποταμοῦ
286 2328 440 2421 ἐμάχοντο
465 2329 581 2421 όχθαις.
603 2314 645 2395 Εν
665 2330 770 2414 τούτῳ
794 2319 848 2411 δὲ,
866 2329 983 2405 παντὸς
1006 2319 1118 2419 σχεδὸν
1139 2337 1196 2395 τοῦ

122 2426 321 2527 ςρατοπέδου
336 2436 399 2503 ἀπό
423 2445 530 2505 τετοῦ
550 2438 711 2528 μετώπου,
725 2434 777 2502 καὶ
792 2442 849 2501 τοῦ
868 2434 1027 2529 ἀριστεροῦ
1047 2435 1196 2527 κέρατος,

124 2543 355 2638 γυμνωθέντος,
371 2543 495 2635 τοῦμὲν
515 2533 697 2610 δωδεκάτου
714 2543 805 2632 μόνον
824 2540 987 2635 τάγματος
999 2545 1029 2609 ἐν
1043 2548 1091 2628 τῷ
1105 2533 1197 2631 ,δεξιῷ

122 2652 248 2742 κέρατι,
271 2649 322 2716 καὶ
348 2654 382 2717 οὐ
407 2650 488 2718 πολὺ
513 2648 574 2716 ἀπὸ
602 2651 739 2731 τούτου,
764 2656 822 2714 τοῦ
845 2639 982 2739 έθδόμου
1006 2646 1196 2738 ταχθέντες,

121 2757 236 2834 πάντες
253 2755 318 2847 ἀμα
336 2757 364 2824 οἱ
384 2758 524 2850 Νεροόῖοι
544 2754 669 2848 ἀθρόοι,
687 2755 857 2848 ἡγουμένου
882 2757 983 2820 αὐτῶν
997 2745 1196 2846 Βοδουαγνά.

124 2887 201 2942 του,
218 2863 294 2955 πρὸς
308 2873 419 2932 τοῦτον
435 2863 487 2930 τὸν
503 2863 599 2929 τόπον
614 2859 762 2935 ἀπῆλθον·
777 2857 817 2925 ὧν
833 2861 922 2952 μέρος
938 2861 994 2951 μὲν
1012 2860 1047 2926 ἐκ
1063 2858 1197 2952 πλαγίου

121 2968 163 3036 τὰ
182 2969 335 3063 τάγματα
355 2967 548 3038 κυκλοῦσθαι·
577 2969 665 3060 μέρος
685 2959 721 3034 δὲ
743 2967 819 3059 πρός
839 2964 883 3033 τὰ
904 2963 985 3058 ἄκρα
1008 2963 1114 3032 τείνειν
1139 2965 1197 3059 ἤρ-

122 3069 211 3153 ξατο.

166 3175 307 3251 XXIV.
331 3169 475 3252 Ῐθνταῦθα
499 3175 539 3255 δὴ
564 3183 595 3250 οἵ
616 3207 652 3246 τε
680 3189 737 3246 τοῦ
763 3179 920 3266 Καίσαρος
945 3179 1063 3261 ἱππεῖς,
1087 3182 1140 3246 καὶ
1169 3180 1199 3246 οἱ

124 3287 296 3370 πελταςαὶ,
311 3291 341 3355 οἵ
362 3315 398 3354 τε
423 3290 477 3356 σῦν
504 3292 607 3365 αὐτοῖς
621 3283 707 3380 (περὶ
728 3284 768 3354 ὧν
790 3278 853 3360 ἤδη
879 3285 1015 3379 εἴρηται,
1041 3290 1080 3362 ὡς
1101 3288 1133 3350 ἐν
1157 3296 1197 3380 τῇ

124 3399 235 3489 πρώτη
258 3403 320 3462 τῶν
343 3394 496 3487 πολεμίων
519 3389 678 3487 προσέολῇ
692 3392 877 3486 ἐτρέφθησαν
892 3389 905 3476 )
919 3393 993 3460 τότε
1007 3387 1059 3458 ἐπὶ
1072 3392 1110 3458 τὸ
1124 3417 1199 3484 ςρα·

125 3493 259 3570 τόπεδον
275 3501 502 3596 ἀναχωροῦντες
513 3501 590 3583 ,καὶ
607 3500 699 3569 πάλιν
723 3507 788 3578 τοῖς
802 3497 957 3591 πολεμίοις
975 3498 1197 3590 συντυχόντες,

128 3603 222 3686 ἄλλος
234 3606 275 3686 είς
291 3605 387 3682 άλλην
407 3609 508 3699 χώραν
524 3615 605 3702 φυγῇ
623 3609 775 3699 ἐφέροντο·
790 3608 822 3673 οἵ
837 3631 873 3672 τε
887 3604 1065 3687 ἀκόλουθοι,
1079 3601 1108 3671 οἳ
1126 3606 1198 3682 τοῦς

128 3725 229 3806 σφῶν,
243 3714 307 3782 ἀπό
332 3740 367 3781 τε
391 3725 446 3792 τῆς
468 3713 605 3808 μεγάλης
628 3721 684 3779 τοῦ
709 3704 906 3806 ςρατοπέδου
933 3715 1048 3794 πάλης,
1068 3710 1199 3792 καὶτῆς

128 3831 187 3888 τοῦ
201 3822 288 3913 όρους
303 3831 449 3914 κορυφῆς,
458 3822 933 3902 νικησαντας,κατανοησαντες,
946 3822 983 3885 ἐκ
993 3829 1051 3885 τοῦ
1064 3841 1199 3910 στρατο·

127 3919 225 3995 πέδου
234 3936 289 3996 τοῦ
297 3930 447 3996 σκυλείειν
464 3930 549 3996 ἕνεκα
564 3919 698 4019 ἐξῄεσαν·
715 3927 822 3994 ἔπειτα
830 3918 994 4003 ἀπιδόντες
1010 3924 1116 4007 τε,καὶ
1127 3923 1200 4002 τοῦς

126 4033 290 4126 πολεμίους
303 4037 333 4102 έν
349 4044 395 4121 τῷ
408 4041 492 4124 σφῶν
507 4024 693 4126 ςρατοπέδῳ
703 4037 849 4124 ὁρῶντες,
864 4039 903 4110 ὡς
914 4024 1068 4106 ἠδύναντο
1082 4031 1201 4122 τάχιςα

128 4139 167 4217 εἰς
188 4143 284 4234 φυγὴν
306 4145 459 4233 ὥρμησαν·
475 4140 526 4206 καὶ
540 4150 601 4208 τῶν
620 4139 672 4204 σὺν
687 4146 753 4215 τοῖς
771 4139 964 4232 σκευοφόροις
979 4140 1076 4206 ὄντων
1091 4139 1151 4221 βοή
1165 4162 1200 4203 τε
