3000 5025
280 521 697 547 mmmmm

571 706 1070 815 JULHCELSI
1307 839 1312 844 ¹

349 966 1303 1127 COMMENTARII

679 1288 769 1383 un
804 1285 983 1375 vira

438 1534 694 1664 JULII
749 1529 1266 1679 CAESARIS.¹

660 1793 1009 1832 ...ι-οι...-

508 1952 720 2055 LIBER
746 1959 1150 2059 SECUNDUS.

289 2154 453 2287 Cusum
468 2202 809 2298 CisalpiminGallia
822 2202 1029 2292 demoranti,
1047 2216 1084 2279 et
1098 2201 1195 2280 famas
1215 2202 1372 2296 vocibus,
1494 2271 1497 2304 ,

288 2326 323 2382 et
331 2309 470 2396 Labieni
487 2309 604 2389 litteris
625 2311 814 2401 annuatur,
835 2309 974 2407 Belgas,
991 2335 1077 2405 ‘1⁰0⁸
1091 2307 1267 2389 Gallorum
1286 2334 1372 2406 prae-
1494 2376 1497 2404 t

290 2418 406 2511 eipuos
425 2442 495 2493 esse
511 2418 790 2507 nonsuavimus,
808 2419 999 2511 conjurasse
1012 2441 1128 2492 omnes
1138 2416 1298 2495 adversus
1312 2442 1374 2513 po-

290 2523 408 2620 pulum
418 2549 613 2613 romanum,
627 2540 660 2593 et
670 2523 948 2618 jurejurand0,et
966 2525 1135 2597 obsidibus
1142 2525 1374 2618 conjuratione
1494 2592 1498 2606 ,

290 2631 432 2700 firmata.
448 2634 511 2701 Rei
529 2631 631 2726 hujus
645 2656 780 2700 causam
799 2658 870 2702 esse
888 2630 1124 2727 multiplicem
1141 2655 1263 2719 unam,
1281 2629 1376 2726 quod

291 2740 470 2826 timerent,
488 2762 531 2807 ne
560 2753 650 2808 statu
675 2740 855 2833 superioris
882 2737 998 2809 Galliae
1020 2741 1227 2833 composito,
1250 2737 1293 2806 ad
1314 2763 1375 2807 eos
1496 2812 1497 2827 ,

292 2869 334 2913 ex
353 2844 470 2913 ordine
489 2847 678 2930 veniretur;
700 2844 855 2934 alteram,
871 2845 964 2940 qtmd
982 2845 1025 2914 ad
1051 2845 1176 2914 bellum
1196 2843 1375 2914 Gallorum
1496 2834 1497 2849 ¹

293 2948 498 3045 reliquorum
535 2951 679 3022 consiliis
712 2968 921 3046 urgerentur.
960 2952 1092 3041 Quibus
1124 2949 1264 3045 urgendi
1289 2976 1376 3044 quo·

193 3127 195 3132 ,
295 3081 361 3151 que
384 3081 492 3127 causae
514 3073 611 3127 erant
635 3059 755 3146 variae3
785 3058 1004 3152 quibusdam,
1026 3074 1066 3126 ut
1092 3057 1263 3127 nidificare
1287 3059 1376 3126 Ger·

297 3188 413 3234 manos
439 3166 474 3233 in
499 3163 614 3235 Galliis
634 3190 721 3260 aegre
739 3163 903 3253 tulerant,
922 3167 969 3234 sic
988 3164 1111 3234 ibidem
1130 3167 1301 3234 Romanos
1322 3163 1376 3232 hi·

296 3271 457 3359 bemare,
475 3286 508 3341 et
530 3287 707 3368 perpetuas
726 3271 819 3340 sedes
838 3269 977 3366 eligere,
996 3273 1108 3340 animo
1127 3271 1210 3342 nihil
1230 3271 1377 3365 aequiore

298 3378 489 3448 ferentibus.
503 3379 584 3448 Aliis
602 3403 702 3448 causa
720 3393 793 3446 erat
809 3376 878 3446 sola
896 3379 1041 3466 vanitas,
1058 3392 1093 3448 et
1109 3374 1287 3470 stulterum
1304 3379 1377 3446 ani

298 3487 361 3554 mis
388 3486 619 3555 novandarum
641 3509 754 3554 rerum
779 3509 911 3578 semper
932 3487 1046 3554 innata
1068 3485 1240 3581 cupiditas.
1269 3486 1380 3554 Erant

299 3592 419 3685 quibus
437 3592 570 3662 abunde
588 3617 669 3688 opes
690 3590 869 3660 affluerent
889 3591 932 3660 ad
953 3592 1190 3662 conducendos
1207 3592 1378 3680 hominm,

299 3713 333 3769 et
354 3698 419 3768 hac
442 3701 496 3769 via
514 3701 549 3767 in
568 3697 699 3794 populis
718 3699 1019 3791 praeeminentiam,
1038 3715 1072 3768 et
1100 3701 1195 3793 quasi
1221 3697 1378 3792 quaedam

278 3799 281 3806 ’
300 3806 362 3874 sibi
381 3831 484 3902 regna
503 3805 705 3893 conflarent,
718 3804 809 3898 quod
815 3808 977 3893 ,romanis
988 3806 1248 3902 imperantibus,
1265 3829 1378 3898 aequa·

301 3913 408 4007 tisque
430 3914 529 3983 rebus
555 3912 727 4000 omnibus,
752 3937 805 4001 se,
826 3927 865 3982 ut
888 3913 975 3984 soliti
1007 3928 1120 4001 erant,
1148 3912 1258 3982 facere
1280 3937 1379 4008 posse

302 4019 500 4090 diffiderent
520 4021 605 4090 Sane
623 4019 674 4088 his
694 4021 884 4116 rumoribus
903 4023 1015 4090 Caesar
1032 4034 1161 4108 motus,
1184 4020 1266 4088 duas
1285 4044 1377 4089 nunc

302 4128 402 4196 etiam
420 4126 565 4221 legiones
583 4127 735 4200 citeriore
750 4128 864 4200 scribit
873 4131 909 4198 in
920 4126 1044 4216 Gallia,
1059 4151 1181 4223 easque
1193 4151 1254 4222 per
1268 4128 1378 4216 Quin-
