3000 5025
308 483 382 555 388
588 484 627 551 c.
655 482 803 550 mm
831 453 1067 549 cffisffls

306 616 330 683 εἰ
344 618 386 709 μὴ
406 604 573 707 προδόντες
592 608 633 678 τὰ
651 615 743 680 όπλα.
761 597 836 705 Ἐγὼ
853 602 882 676 δ’
896 611 1093 703 όμωςταυτὸ
1104 662 1114 694 ,
1126 608 1143 677 θ
1157 610 1218 678 καὶ·
1228 618 1294 689 τοῖς
1307 610 1370 679 Νι·

232 718 234 723 ’
306 717 429 816 ρουΐοις,
442 722 571 793 ποιείτω.
591 707 802 812 Ᾰπαγορεόσω
823 716 955 810 μὲνγὰρ
978 724 1042 795 τοῖς
1062 721 1146 809 ὑμῶν
1165 720 1369 810 προσχώροις,

304 820 457 921 μηδεμίαν
477 831 541 901 τοῖς
564 825 638 917 πρὸς
659 824 731 901 τοὺς
756 810 917 916 Ῥωμαίους
937 825 1195 916 προσχωρήσασιν
1214 825 1369 916 ἐπιφέρειν.

304 936 415 1001 Ταῦτα
435 931 489 1022 μὲν
511 931 539 997 οἱ
557 925 695 1025 πρόσόεις
716 937 780 1008 τοῖς
802 939 884 1022 σφῶν
904 930 1102 1023 ἀπήγγειλαν·
1117 929 1147 996 οἱ
1165 919 1201 995 δὲ
1219 926 1262 996 τδι
1275 954 1370 1022 προσ·

196 1042 197 1045 ’
304 1038 520 1131 ταχθησόμενα
534 1035 639 1104 πάντα
651 1038 785 1110 ποιήσειν
800 1038 925 1126 ἔφασαν·
938 1035 989 1102 καὶ
1002 1038 1082 1103 πολό
1097 1062 1130 1102 τι
1142 1034 1258 1113 πλῆθος
1272 1039 1369 1103 ὅπλων

305 1146 438 1212 ἀπὸτοῦ
452 1143 571 1237 τείχους
594 1142 705 1219 εἰςτῆν
720 1141 848 1235 πρόσθεν
870 1152 925 1219 τῆς
938 1143 1056 1219 πόλεως
1075 1140 1191 1231 τάφρον
1206 1136 1370 1223 όαλόντες,

233 1254 235 1259 ’
305 1255 366 1328 ώςε
380 1244 423 1317 τὰ
438 1252 555 1316 τοότων
570 1250 754 1340 σωρεύματα
775 1248 815 1315 τό
824 1301 834 1331 ,
850 1273 884 1315 τε
908 1257 964 1315 τοῦ
983 1246 1102 1339 τείχους
1116 1246 1168 1314 καὶ
1186 1258 1243 1314 τοῦ
1257 1250 1371 1339 ’χώμα-

305 1380 360 1433 τος
381 1352 456 1445 ὕψος
477 1350 599 1433 ἰσάζειν·
615 1357 696 1448 όμως
712 1346 747 1419 δὲ
761 1353 813 1420 καὶ
827 1354 865 1421 τὸ
884 1351 988 1446 τρίτον
1006 1356 1095 1448 μέρος
1119 1356 1221 1419 αὐτῶν
1235 1348 1249 1436 (
1262 1360 1302 1430 ὡς
1325 1353 1373 1420 καὶ

307 1463 414 1529 ἔπειτα
437 1452 598 1545 ἐδηλώθη)
613 1456 784 1553 κρόψαντός
803 1484 838 1525 τε
860 1458 911 1526 κἀὶ
929 1462 959 1525 ἐν
978 1468 1018 1553 τῇ
1036 1460 1124 1527 πόλει
1145 1458 1371 1551 κατασχόντες,

306 1567 364 1645 τάς
377 1593 412 1633 τε
425 1568 524 1644 πύλας
539 1567 803 1649 ἀναπετάσαντες,
816 1568 915 1660 ταύτῃ
926 1573 965 1659 τῇ
974 1566 1075 1657 ἡμέρᾳ
1085 1564 1371 1659 εἰρήνη-ἐχρήσαντο.

359 1676 516 1739 XXXIII.
532 1658 584 1765 Τῇ
600 1664 629 1737 δ’
645 1674 776 1765 ἑσπέρα,
791 1670 848 1750 τάς
867 1697 902 1738 τε
916 1681 973 1748 τῆς
992 1671 1110 1750 πολεως
1123 1672 1373 1749 πόλαςκλεισθῆ·

306 1806 376 1863 ναι,
394 1782 446 1846 καὶ
469 1779 736 1870 τοὺς·ς·ρατιώτας
759 1772 904 1855 ἐξαυτῆς
930 1769 1077 1861 ἐξελθεῖν,
1093 1780 1137 1870 μό
1158 1802 1190 1843 τι
1213 1780 1248 1844 ἐκ
1266 1779 1372 1855 νυκτός

228 1880 231 1885 ’
306 1888 358 1953 ὑπ’
369 1890 469 1953 αὐτῶν
484 1884 512 1951 οἱ
526 1890 653 1951 πολῖται
667 1878 876 1966 όλάπτοιντο,
890 1888 906 1949 ὁ
919 1886 1041 1976 Καῖσαρ
1053 1885 1266 1977 παρήγγειλεν.
1280 1884 1374 1951 Αὐτοὶ

308 1983 345 2057 δέ
360 1990 420 2075 (ὡς
434 1988 486 2057 καὶ
499 1993 604 2079 όςερον
621 1979 783 2079 ἐδηλώθη)
798 1984 1198 2091 πρόσθενκόουλευσάμενοι,Ι
1210 1989 1263 2056 καὶ
1283 2015 1372 2083 προσ·

309 2082 514 2190 χωρησάντων
530 2101 629 2186 σφῶν,
643 2102 713 2173 τοὺς
730 2080 929 2187 Ρωμαίουςῆ
941 2094 1372 2188 φροόρια·μὴ·καταςόσειν,θ

309 2203 361 2271 καὶ
382 2204 499 2275 ταύτην
513 2200 715 2294 ῥαθυμότερον
731 2191 926 2291 διαφυλάξειν
941 2200 1139 2293 νομίσαντες,
1154 2203 1243 2294 μέρος
1256 2203 1312 2293 μὲν
1326 2207 1372 2268 οθν

310 2315 375 2385 τοῖς
390 2304 432 2385 οἷς
451 2302 582 2399 ἔκρυψαν
602 2310 727 2389 ὅπλοις,
741 2308 829 2399 μέροςΙ
848 2299 884 2374 δὲ
898 2308 950 2374 σὺν
964 2310 1004 2373 ’ἐκ
1019 2313 1126 2398 φλοιοῦ
1144 2333 1178 2374 τι
1197 2306 1249 2374 καὶ
1270 2311 1371 2375 όῖσόων

309 2414 592 2506 περιπεπλεγμόνων
604 2415 890 2503 κατεσκευασμένων
904 2412 1039 2497 ἀσπίσιν,
1048 2410 1083 2492 ἂς
1097 2416 1215 2506 ταχέως
1225 2408 1278 2497 (ὡς
1291 2420 1310 2489 ἡ
1323 2422 1373 2481 τοῦ

310 2522 419 2614 χρόνου
434 2514 589 2612 όραχότης
608 2515 695 2613 ᾔτει)
711 2511 834 2611 όόρσαις
848 2517 1023 2610 ἐκάλυψαν,
1037 2529 1077 2612 τῇ
1095 2519 1186 2615 τρίτη
1206 2518 1374 2614 φυλακῇ,γ’

280 2714 284 2722 l
312 2630 405 2703 ἥκιςα
427 2627 502 2719 πρὸς
523 2622 566 2692 τὰ
584 2634 645 2692 τῶν
668 2609 818 2718 Ῥωμαίων
833 2629 960 2720 Ιφροόρια
977 2629 1153 2719 προσαντὴς
1166 2625 1202 2701 ἦν
1216 2633 1236 2701 ἡ
1252 2620 1373 2708 ἄνοδος,

313 2735 414 2826 ταότρ
429 2733 481 2798 σὺν
495 2733 579 2826 παίσῃ
594 2724 633 2805 δη
649 2741 688 2825 τῇ
704 2723 831 2824 δυνάμει
844 2725 979 2810 ἐξῆλθον,
991 2718 1144 2824 Ἑξαίφνης
1156 2725 1192 2800 δὲ
1207 2741 1373 2827 πυρκαὶαἴς,

312 2833 396 2906 κατὰ
421 2839 459 2904 τὸ
482 2829 543 2911 ἤδη
561 2839 627 2905 ’ὑπὸ
653 2848 710 2904 τοῦ
735 2837 891 2932 Καίσαρος
908 2836 1081 2922 κελευσθὲν,
1102 2838 1304 2931 σημανθείσης
1325 2848 1373 2915 τῆς

315 2939 494 3026 ἐπιόουλῆς,
508 2943 535 3010 οἱ
549 2947 582 3010 ἐκ
595 2949 658 3009 τῶν
680 2942 809 3018 πλησίον
830 2945 988 3037 ἐρυμάτων
1010 2931 1148 3038 Ρωμαῖοι
1166 2946 1298 3014 ἐνταῦθα
1317 2969 1375 3011 συν

315 3043 459 3142 ἔδραμον.
479 3029 563 3114 ἐδνθα
581 3050 633 3140 μὲν
655 3041 694 3123 δὴ
714 3050 742 3117 οἱ
759 3052 899 3142 πολέμιοι
917 3051 1090 3143 ἐρρωμένως
1106 3051 1281 3144 ἐμάχοντο,
1296 3048 1373 3129 ώςᾶν

317 3155 458 3247 κράτιςοι
472 3146 594 3247 άνδρες,
606 3158 707 3222 πᾶσαν
728 3147 841 3223 ἐλπίδα
854 3155 1014 3250 σωτηρίας
1023 3152 1255 3242 ἀποόαλόντες,
1269 3162 1299 3226 ἐν
1312 3150 1375 3223 δυσ-

317 3259 414 3353 χωρίᾳ
433 3285 485 3342 τε,
499 3261 550 3327 καὶ
567 3261 642 3352 πρὸς
660 3264 731 3339 τοὺς
754 3260 864 3328 άνωθεν
880 3263 942 3331 ἀπὸ
965 3266 1173 3358 τῶν-πύργων
1188 3258 1265 3338 όόλη
1281 3264 1374 3356 άφιόν·

308 3392 396 3449 τας,
411 3365 571 3458 μάχοιντο.
586 3371 696 3433 Αὐτῶν
712 3359 742 3432 δ’
757 3367 835 3459 ἀμφὶ
852 3371 924 3446 τοὺς
938 3368 1200 3461 τετρακισχιλίους
1215 3369 1376 3438 ’ἀποθανόν-

317 3498 398 3554 των,
415 3473 443 3540 οἱ
465 3473 567 3540 λοιποὶ
591 3475 620 3550 ἐς
643 3475 699 3546 τὴν
722 3473 810 3540 πόλιν
834 3475 1073 3567 ἐσηψράχθησαν.
1097 3479 1145 3570 Τῇ
1170 3467 1199 3541 δ’
1219 3475 1374 3569 θςεραίρό

318 3581 439 3671 Καῖσαρ
456 3577 624 3671 ρηχθέντων
640 3587 700 3645 τῶν
715 3585 818 3646 πυλῶν
831 3630 840 3659 ,
855 3573 960 3655 ἐπειδὴ
976 3573 1074 3659 οὐδεὶς
1088 3583 1132 3650 ἔτ’
1147 3583 1317 3665 ἀπεκώλυε,
1329 3577 1375 3646 καὶ

319 3686 391 3761 τοὺς
406 3689 500 3751 αὐτοῦ
515 3681 684 3776 εἰσπέμψας
698 3687 874 3778 ςρατιώτας
886 3737 895 3765 ,
909 3692 1010 3754 πᾶσαν
1025 3689 1081 3760 την
1095 3698 1152 3765 τῆς
1172 3688 1290 3766 πόλεως
1307 3686 1374 3754 ταώ·

319 3817 375 3869 της
390 3785 582 3882 ἐπικράτειαν
600 3791 828 3882 οἱπεμπόληοεν.
849 3793 890 3857 Οἱ
904 3785 934 3858 δ’
949 3791 1155 3884 ὠνησάμενοι,
1169 3794 1292 3889 ἀριθμὸν
1306 3787 1374 3859 εἶναι

322 3897 435 3988 ἔφασαν
451 3888 569 3988 ἀνδρῶν
583 3896 845 3991 πεντακισμυρίων
860 3900 911 3966 καὶ
925 3898 1109 3991 τρισχιλίων.

373 4005 533 4072 XXXIV.
548 4001 623 4096 Περὶ
637 3994 676 4070 δέ
686 4006 815 4082 τούτους
827 4004 898 4081 τοὺς
913 4006 1032 4098 καιρόυς
1047 4011 1062 4072 θ
1076 4008 1232 4084 Ποόπλιος
1244 4002 1374 4097 Κράσσος

321 4107 456 4199 μεθ’ἑνὸς
467 4109 558 4201 μόνον
571 4109 736 4203 τάγματος
755 4108 805 4178 ἐπὶ
820 4111 890 4187 τοὺς
900 4096 1108 4197 Ενετοὺς,καὶ
1119 4113 1190 4190 τοὺς
1205 4111 1376 4188 Οὐνίλλυυς,
