3000 5025
328 508 1390 534 fflfflfflssmmfflmssm

655 694 1076 874 ΝΟΜ

446 1045 531 1132 An
554 1035 984 1131 turuupuuruu
1005 1005 1281 1134 'GRAEcuu

332 1262 851 1420 Gomorram
888 1263 1394 1368 JUNGERMANI

582 1515 640 1584 IN
668 1513 885 1581 LIBRUM
911 1514 1146 1583 PRIMUM.

672 1729 1063 1766 &OQ—a..-

386 1984 449 2019 uurt
465 1966 555 2018 animo
570 1962 780 2029 destinaveram,
791 1964 829 2016 mi
843 1963 927 2018 lector
933 1958 944 2030 ‚¹
949 1964 1127 2036 interpretem
1139 1965 1266 2020 Graecum
1278 1986 1341 2020 eum
1351 1967 1401 2022 Ce-

330 2065 388 2100 sare
406 2046 503 2098 Latino
519 2045 656 2112 conferre,
667 2057 694 2096 et
721 2043 831 2116 quidem
850 2045 985 2116 pressius,
1005 2043 1198 2117 adnotareque,
1218 2048 1266 2109 ubi
1285 2049 1352 2100 mihi
1368 2049 1402 2099 vi·

330 2125 440 2179 deretur
450 2126 523 2178 abire
533 2125 638 2196 longius
653 2143 668 2176 a
684 2125 795 2178 Caesaris
811 2137 911 2186 mente,
929 2125 984 2176 sive
995 2123 1024 2176 id
1038 2124 1127 2178 studio
1144 2126 1247 2188 fecisset
1257 2127 1403 2190 interdum,

331 2207 386 2258 sive
409 2203 605 2276 imprudentia3
620 2202 693 2274 quod
720 2205 817 2256 vitium
833 2205 880 2275 qui
902 2204 1026 2258 omnibus
1049 2205 1123 2258 horis
1146 2206 1403 2276 effugit,·hominem
1482 2237 1483 2246 κ

331 2298 425 2338 uatum
440 2283 522 2337 credo
533 2284 677 2336 neminem.
687 2285 788 2336 Notare
799 2285 850 2336 ista'
859 2284 994 2350 volebam,
1008 2297 1035 2336 et
1046 2303 1097 2356 pro
1112 2286 1241 2339 tenuitate
1253 2306 1315 2340 mea
1326 2287 1405 2358 inqui·
1482 2287 1483 2294 ’

332 2384 392 2418 rere
407 2364 436 2416 in
451 2362 573 2434 quedam
588 2364 637 2429 ita,
657 2382 691 2415 ne
710 2365 770 2434 quis
783 2383 827 2416 me
842 2363 921 2434 hujus
937 2365 977 2417 rei
992 2365 1168 2436 negligentem
1185 2366 1268 2419 irrisae
1285 2369 1348 2438 jure
1368 2365 1405 2419 di·

330 2463 389 2498 oere
409 2457 507 2517 posset.
524 2445 629 2496 Verum
645 2462 724 2496 omne
745 2444 886 2496 eonsilium
902 2455 1023 2496 nostrum
1039 2446 1157 2501 turbavit
1179 2447 1227 2498 ista
1250 2444 1405 2500 Nundinalis
1465 2473 1468 2482 =

330 2525 393 2591 dea,
408 2544 466 2597 quae
479 2538 509 2577 ut
524 2525 630 2595 signum
646 2523 734 2589 dedit,
745 2526 783 2577 ita
794 2526 885 2577 omnia
903 2524 1005 2577 fervere
1024 2525 1188 2593 festinando,
1206 2526 1405 2599 precipitando·

330 2626 400 2677 que,
409 2619 439 2658 ut
452 2606 518 2675 quin
534 2618 561 2657 et
574 2624 625 2676 ego
636 2605 773 2675 abriperer
787 2623 855 2671 una,
867 2616 1035 2676 coeptumque
1042 2604 1209 2677 rumperem,
1483 2610 1484 2613 ’

569 2712 621 2763 Καί
633 2712 672 2763 rei
684 2731 725 2782 μοι
737 2710 814 2763 κεῖνόν
831 2731 861 2783 γε
875 2710 927 2766 λίην
938 2713 1045 2782 ἐνθύμιον
1057 2707 1114 2780 ἦεν,
1170 2707 1173 2715 ⁴

330 2820 474 2892 prohibere
489 2820 565 2871 nullo
580 2838 685 2889 possem
699 2831 786 2889 paeto.
804 2818 933 2883 Quamvis
955 2820 1044 2889 itaque
1062 2820 1157 2872 leviter
1172 2820 1224 2873 hoc
1241 2840 1320 2891 agere
1342 2822 1406 2875 inte·
1483 2804 1484 2817 l

331 2901 431 2971 perim,
443 2912 532 2951 tamen
551 2898 589 2950 nil
606 2898 658 2950 nisi
672 2897 831 2950 nudissimas
847 2916 972 2969 propono
993 2900 1162 2970 quisquilias,
1181 2919 1247 2971 quas
1269 2901 1291 2953 si
1316 2902 1407 2973 absque

333 2978 412 3033 wdio
428 2980 507 3031 oculo
522 2976 628 3049 dignari
643 2997 699 3031 uno
711 2990 801 3049 potes,
813 2990 852 3031 est
867 2978 896 3029 in
911 2996 966 3049 quo
980 2998 1038 3047 mea
1050 2998 1093 3031 me
1106 2992 1178 3033 certe
1192 2998 1252 3051 spes
1265 2980 1343 3034 fallit.
1354 2982 1408 3034 Fes-
1483 3002 1484 3027 r

334 3060 418 3112 tinata
431 3059 532 3111 scilieet
546 3076 627 3128 opera
644 3058 888 3135 exscripsitaututp
904 3076 964 3130 quae
979 3059 1115 3131 interpres
1130 3060 1186 3130 ipse
1205 3060 1282 3112 aliter
1301 3062 1406 3133 seripse-
1483 3080 1484 3125 ι

333 3150 389 3205 rat,
400 3137 547 3209 eademque
561 3139 629 3204 fere,
642 3151 672 3189 ut
686 3136 808 3203 videtur,
818 3124 955 3207 rirdthi‚et
968 3136 1038 3189 inter
1054 3139 1137 3210 ipsam
1153 3140 1245 3210 scripti
1259 3138 1406 3193 meditatio·

333 3237 412 3283 uem,
425 3218 546 3289 quamvis
568 3217 633 3270 vitia
659 3217 813 3288 scriptura,
829 3234 888 3287 quae
904 3216 938 3270 iu'·
949 3216 1047 3277 'eodioe
1071 3220 1248 3290 apparebant,
1264 3239 1279 3271 a
1303 3220 1406 3273 librario

332 3297 458 3351 videntur
471 3298 607 3369 profecta,
618 3298 665 3369 qui
681 3295 806 3351 dictantis
825 3298 906 3351 verba
926 3298 995 3350 male
1011 3300 1236 3369 aeceper·it,vitio
1249 3301 1406 3370 pronuncia·

334 3379 414 3432 tionis
428 3396 532 3449 graece,
543 3375 616 3448 quod
632 3396 722 3429 veram
737 3378 847 3444 invasit,
859 3376 1018 3449 jamdudum
1033 3379 1152 3431 solemni.
1174 3377 1207 3431 Id
1224 3379 1298 3442 enim
1314 3382 1405 3435 laeuam

333 3458 413 3511 nimis
426 3456 531 3529 liquido
540 3457 629 3510 hercle
643 3469 760 3528 apparet.
770 3456 843 3529 Hoc,
852 3457 971 3529 inquam,
984 3458 1152 3510 festinatione
1165 3478 1268 3511 summa
1280 3452 1342 3531 egi,
1357 3479 1405 3513 nou

333 3538 385 3591 hoe
399 3556 492 3608 agens,
508 3537 621 3589 infinitis
632 3550 775 3607 occupatus
794 3535 881 3589 modis
897 3538 963 3590 aliis.
984 3536 1065 3603 Quod
1079 3540 1272 3610 qualecumque
1287 3538 1406 3603 tandem·
1483 3570 1484 3605 ξ

334 3619 400 3671 scias
414 3637 458 3671 uae
471 3616 543 3670 istud
558 3617 697 3671 clarissimi
712 3629 739 3670 et
751 3616 898 3671 doctissimi
914 3618 994 3687 hujus
1011 3618 1059 3670 uvi
1072 3620 1193 3672 virorum
1205 3619 1321 3672 consilio
1334 3634 1405 3691 atque

335 3699 492 3751 auctoritate
502 3697 607 3761 fecisse,
619 3716 674 3749 non
684 3715 746 3749 sane
761 3696 907 3751 admodum
921 3711 1008 3751 tamen
1019 3711 1050 3749 ut
1060 3699 1112 3769 ipsi
1121 3700 1242 3763 voluere,
1252 3718 1332 3766 τεοῖς
1342 3712 1404 3753 certe

336 3798 385 3831 nec
401 3791 431 3830 ut
450 3779 507 3849 ipse
523 3777 609 3842 volui,
623 3775 670 3830 sed
691 3790 721 3828 ut
742 3778 820 3849 potui
836 3776 943 3831 scilicet.
958 3780 1098 3845 Ceterum,
1118 3778 1191 3850 quod
1212 3778 1277 3831 huic
1295 3781 1404 3832 sermoni

336 3856 550 3929 praevertendum
565 3869 635 3923 erat,
649 3855 684 3909 de
694 3850 844 3929 Interprete
857 3858 916 3929 ipso
932 3856 998 3929 quid
1012 3857 1104 3911 audire
1117 3860 1185 3911 forte
1200 3858 1284 3929 magis
1297 3862 1379 3931 cupis

505 3965 548 4026 Τίς
562 3965 634 4017 πόθεν
645 3960 662 4032 ᾖ
672 3960 767 4035 ἀνδρῶν
777 4003 785 4028 ,
795 3966 851 4017 πόθι
865 3967 885 4018 οἱ
896 3966 965 4026 πόλις
976 3960 1023 4023 aidi
1035 3969 1132 4026 τωιῆις.

337 4072 450 4141 Deque
470 4068 518 4122 diu
536 4083 563 4123 te
583 4070 680 4125 frustra
700 4070 800 4123 habere
813 4070 886 4123 nolo.
904 4070 965 4121 Dixi
982 4069 1083 4141 aliquid
1099 4071 1127 4124 in
1146 4070 1178 4123 iis
1198 4089 1258 4142 quae
1273 4071 1325 4124 toti
1340 4072 1405 4143 operi
1483 4092 1484 4139 ς

284 4189 287 4193 -
335 4150 460 4221 prefatus
471 4169 548 4203 sum:
565 4150 621 4203 imo
637 4150 706 4203 nihil
727 4148 796 4214 dixi3
816 4150 855 4203 nil
870 4150 990 4221 liquebat
1004 4152 1085 4203 euim.
1104 4151 1139 4203 Et
1156 4152 1238 4222 eupio
1254 4152 1347 4225 itaque
1359 4170 1372 4204 a
1385 4162 1405 4201 te
1483 4144 1484 4205 l
