3000 5025
235 520 550 590 1NTERPRES
578 469 826 590 σικυούς.
854 523 953 590 mn.
982 522 1072 588 νιν.
1124 523 1195 614 49¹

129 635 303 730 Ρουτηνοὺς
326 647 388 736 (ὡς
412 645 475 727 ἤδη
502 649 642 747 εἴρηται)
659 654 717 722 ὑπὸ
749 663 807 721 τοῦ
824 655 1098 749 Βερκιγγετόρυγος
1121 679 1202 746 πεμ-

128 757 228 848 ρθεὶς,
241 761 297 832 τὴν
318 753 371 851 μὲν
397 760 485 828 πόλιν
516 764 617 826 αὐτῶν
645 762 720 855 πρὸς
739 761 811 836 τοὺς
830 750 1001 854 Ᾰρύέρνους
1019 762 1202 852 παρέςησεν·

129 864 179 932 ἐπὶ
195 855 231 931 δὲ
246 866 318 942 τοὺς
334 860 535 962 Νιτιόύριγοίς
549 893 599 950 τε,
613 865 665 932 καὶ
684 869 755 944 τοὺς
771 862 932 944 Γαύαλοὺς
945 865 1116 959 προελθὼν,
1130 870 1204 958 ὀμύ·

131 997 200 1063 ρους
226 973 300 1063 παρ’
323 971 504 1066 ἀμφοτέρων
535 977 636 1040 αὐτῶν
663 968 777 1057 ἔλαόε,
796 973 848 1040 καὶ
872 974 952 1040 πολὺ
981 970 1203 1066 προσαθρσίσας

130 1077 309 1170 ςροίτευμα,
324 1078 457 1146 ἐντεῦθεν
484 1078 569 1146 κατὰ
596 1081 653 1152 τὴν
681 1075 838 1173 Ναρύῶνα
864 1069 1029 1156 πόλινείς
1058 1080 1116 1152 τὴν
1141 1087 1203 1145 τῶν

129 1169 280 1277 Ρωμαίων
301 1184 439 1275 παριέναι
458 1185 604 1278 ἐπαρχίαν
630 1187 831 1280 ἐπεχείρησεν·
853 1183 870 1252 ὃ
898 1185 1001 1277 μαθὼν
1024 1191 1041 1252 ὁ
1060 1187 1203 1278 Καῖσαρ,

129 1295 208 1358 πᾶσι
226 1298 292 1368 τοῖς
317 1287 422 1370 σίλλοις
447 1293 607 1387 πράγμασι
633 1293 670 1360 τὸ
698 1292 738 1371 είς
767 1296 824 1367 τὴν
851 1293 1000 1385 ἐπαρχίαν
1027 1290 1205 1383 πορεύεσθαι

129 1397 259 1490 πρόσθεν
278 1400 455 1471 ἐποιήσατο·
474 1398 526 1466 καὶ
545 1398 676 1466 ἐνταῦθα
702 1406 783 1492 ταχὺ
810 1400 1073 1493 παραγενόμενος,
1092 1397 1204 1473 αὐτοὺς

131 1504 185 1596 μὲν
204 1495 266 1578 ἤδη
283 1504 473 1596 ἀποροῦντας
491 1505 747 1598 παρεμυθήσατο,
762 1505 813 1573 καὶ
827 1507 857 1572 ἐν
872 1515 912 1598 τῇ
926 1513 988 1571 τῶν
1008 1508 1039 1571 ἐν
1058 1513 1097 1597 τῇ
1117 1506 1206 1595 ἐπαρ

132 1611 186 1701 χίορ
204 1595 367 1684 Ῥουτηνῶν
386 1609 570 1696 οἰκούντων,
589 1612 640 1678 καὶ
655 1615 684 1677 ἐν
705 1624 744 1706 τῆ
764 1621 826 1679 τῶν
844 1601 1060 1706 Ᾱρεκομικῶν,
1074 1609 1126 1677 καὶ
1143 1618 1205 1675 τῶν

131 1719 334 1800 Τολσσατῶν,
351 1717 402 1784 καὶ
417 1726 478 1784 τῶν
497 1718 643 1803 Βολκων,
658 1719 710 1784 καὶ
728 1718 853 1786 πάντων
868 1727 930 1784 τῶν
945 1713 1047 1785 ἄλλων
1067 1715 1136 1810 περὶ
1149 1719 1206 1791 την

132 1817 289 1915 Ναρύῶνα
307 1822 470 1890 οἰκούντων
486 1826 590 1917 χώρᾳ,
606 1828 656 1891 ὅτι
673 1825 803 1899 πλησίον
822 1833 884 1891 τῶν
903 1825 1056 1916 πολεμίων
1077 1819 1154 1895 ἦσαν
1179 1822 1208 1889 οἱ

134 1930 228 1998 τόποι
246 1927 347 2013 οὗτοι,
362 1927 493 2025 φρουρὰς
509 1932 708 2025 ἐγκατέςησε·
724 1931 777 1998 καὶ
791 1932 879 2025 μέρος
895 1941 952 2008 τῆς
970 1933 1000 1996 ἐν
1020 1940 1060 2023 τῇ
1074 1929 1208 2023 ἐπαρχίᾳ

133 2039 282 2127 ςρατιοῒς,
300 2036 351 2103 καὶ
370 2038 425 2122 τὸ,
444 2035 460 2104 θ
480 2041 772 2130 παραπληρώματος
791 2041 877 2130 χώρᾳ
895 2040 930 2104 ἐκ
947 2047 1004 2114 τῆς
1022 2021 1148 2112 Ῐταλίας
1167 2034 1208 2112 εἰς

133 2146 191 2215 τὴν
212 2143 369 2210 Γαλατίαν
387 2144 532 2238 ἠγηόχει,
552 2144 713 2237 ςρυίτευμα
734 2144 785 2210 ἐπὶ
806 2146 944 2217 τὴντῶν
965 2129 1086 2209 Ῑόλύίων
1104 2145 1207 2235 χώραν

133 2250 262 2322 πλησίον
282 2256 347 2326 τοῖς
361 2237 524 2342 Ᾰρύέρνοις
542 2250 723 2334 οἰκούντων,
738 2246 913 2342 ἐπέμψατο.

187 2355 283 2423 VIII.
292 2357 404 2424 Ταῦτα
416 2348 450 2424 δὲ
469 2358 690 2450 ποιησάμενος,
703 2357 756 2424 καὶ
769 2359 826 2430 τὴν
838 2367 895 2423 τοῦ
906 2356 1098 2449 Λουκτηρίου
1110 2357 1206 2447 ὁρμὴν

133 2452 197 2536 ἤδη
217 2463 366 2555 ἐπισχὼν,
386 2455 574 2531 ἐπικίνδυνον
598 2459 672 2532 εἶναι
684 2465 770 2551 λτότε
789 2464 826 2531 τὸ
849 2462 890 2541 είς
908 2466 964 2537 τὴν
984 2463 1132 2555 ἐπαρχίαν
1158 2463 1211 2553 ἐμ-

136 2562 259 2635 ύύλλειν
279 2572 467 2665 ἡγουμένου,
482 2570 522 2647 εἰς
538 2573 595 2644 τὴν
615 2578 677 2636 τῶν
690 2556 811 2636 Ελύίων
831 2572 933 2664 χώραν
952 2564 1080 2643 ἀπῆλθέ·
1100 2568 1209 2660 καίπερ

133 2684 192 2743 τοῦ
212 2668 343 2743 regim
366 2677 469 2770 ὅρους,
489 2674 506 2743 ὃ
525 2678 597 2753 τοὺς
620 2666 791 2770 Ᾰρύέρνους
810 2669 878 2743 ’ἀπὸ
897 2682 959 2743 τῶν
982 2661 1104 2742 Ελόίων
1128 2674 1210 2741 ἀπο·

133 2777 277 2875 χωρίζει,
296 2772 349 2848 διά
368 2808 403 2849 τε
422 2786 479 2856 τὴν
498 2792 554 2859 τῆς
573 2794 629 2850 τοῦ
645 2784 732 2859 έτους
751 2785 831 2873 ὥρας
849 2782 1073 2873 χαλεπότητα,
1087 2779 1138 2847 καὶ
1158 2771 1211 2846 διὰ

135 2890 174 2955 τὸ
199 2898 255 2965 τῆς
273 2889 375 2980 χιόνος
402 2888 531 2973 πλῆθος,
552 2899 608 2967 τῆς
634 2881 709 2957 ὁδοῦ
733 2889 827 2955 αὐτὸν
856 2889 1108 2971 σίποκωλύοντος,
1128 2890 1211 2979 ὅμως

136 2988 169 3072 ἓξ
188 2985 289 3097 πόδας
309 2998 365 3069 την
383 2996 474 3087 χιόνα
496 2998 535 3063 τὸ
561 2990 653 3074 ύοίθος
672 2986 834 3089 διορύξας,
858 3021 910 3062 και
927 3020 985 3071 τας
1003 2986 1093 3072 οδους
1112 2997 1210 3069 οὕτως

84 3122 86 3126 ·
136 3092 420 3193 ὀδοποιησοίμενος,
434 3102 487 3169 σῖιν
508 3102 626 3196 μεγαλῃ
646 3111 708 3168 τῶν
731 3110 914 3194 ςρατιωτῶν
933 3093 1074 3195 σπουδῇ,
1092 3099 1133 3177 εἰς
1152 3102 1209 3173 τὴν

136 3214 200 3273 τῶν
219 3195 380 3301 Ᾰρύέρνων
400 3210 583 3302 παρεγίνετο
601 3210 714 3302 χώραν·
734 3208 787 3275 καὶ
805 3212 909 3286 αὐτοῖς
928 3201 960 3285 ἐξ
979 3212 1013 3275 οὐ
1031 3199 1211 3300 προειδότος

138 3316 289 3381 ἐπιπεσὼν
305 3309 404 3406 (σρᾶς
423 3315 477 3407 μὲν
496 3313 554 3408 γὰρ
574 3326 619 3404 τῷ
638 3318 663 3381 Γ
664 3309 787 3405 εόέννᾳ,
802 3321 842 3392 ὡς
861 3316 920 3381 τινὶ
939 3314 1034 3404 τείχει
1051 3315 1213 3405 κρατύνεσ-

139 3420 190 3487 θαι
217 3426 369 3514 ἡγοῦντο,
389 3424 437 3488 ότι
455 3414 555 3498 οὐδεὶς
578 3423 608 3487 ἐν
627 3430 673 3509 τῷ
691 3421 820 3514 πρόσθεν
838 3421 938 3513 χρόνῳ
963 3412 1018 3487 διὰ
1046 3429 1103 3487 τοῦ
1124 3420 1211 3513 ὅρους

139 3528 254 3593 τούτου
274 3524 357 3593 κατὰ
370 3530 427 3601 την
447 3532 526 3620 ὥραν
544 3529 662 3602 ταύτην
682 3536 739 3595 τοῦ
758 3528 845 3605 ἔτους
864 3528 991 3595 πώποτε
1005 3520 1211 3618 ἐπεπόρευτο)

139 3639 205 3709 τοῖς
231 3633 356 3701 ἱππεῦσι
382 3640 446 3711 τοῖς
471 3638 583 3703 ἑαυτοῦ
610 3639 813 3728 παρήγγειλε,
834 3637 884 3701 ὅτι
912 3632 1031 3724 μόλις-α
1055 3630 1138 3699 κατὰ
1156 3633 1213 3703 τὴν

139 3740 241 3831 χώραν
264 3739 450 3831 εύρύνεσθαι,
465 3743 516 3808 καὶ
539 3743 569 3806 έν
588 3748 653 3817 τοῖς
671 3732 787 3819 πεδίοις
807 3738 967 3824 καταθεῖν,
981 3735 1033 3806 καὶ
1050 3742 1100 3806 ὅτι
1120 3729 1214 3811 δυνη-

140 3870 243 3913 σοιντο
268 3852 393 3923 πλεῖςον
412 3853 477 3925 τοῖς
496 3847 651 3938 πολεμίους
675 3841 838 3939 ἐμόοίλλειν
864 3841 970 3939 ρόόον·
991 3844 1083 3914 αὗται
1111 3834 1146 3911 δὲ
1166 3852 1213 3929 τῷ

140 3954 391 4047 Βερκιγγετόρυγι
406 3955 486 4046 ταχὺ
501 3954 533 4019 αἱ
545 3953 685 4049 ἀγγελίαι
702 3950 805 4025 ἦλθον·
820 3952 853 4020 θν
871 3947 1002 4046 έμρούοι
1018 3953 1048 4019 οἱ
1065 3941 1214 4044 Ᾰρύέρνοι

140 4056 254 4137 πάντες
268 4058 467 4151 περιςοίντες,
482 4060 581 4152 σρίσιν
596 4062 761 4153 ἐπικουρεῖν
776 4059 929 4143 ἱκέτευον,
945 4059 1052 4151 καὶμὴ
1067 4061 1213 4151 ὑπερορᾷν

143 4168 222 4256 σρίὶς
236 4166 296 4233 ὑπὸ
310 4173 372 4231 τῶν
387 4164 540 4258 πολεμίων
559 4166 796 4260 πορθουμένους,
810 4159 935 4237 ἐπειδὰν
949 4168 1142 4258 πολέμαρχος
1155 4164 1215 4231 ὑπὸ
