3000 5025
161 539 163 542 ·
247 502 830 574 INTERPRESGRAECUs
859 505 1050 574 LIB.VI.
1120 501 1196 597 473

111 635 267 718 Σεληνην,
288 635 376 712 θεοὺς
402 640 560 728 η’γοῦνται·
592 632 703 714 άλλους
734 627 787 719 δὲ,
801 639 882 710 πλὴν
898 638 1036 718 τούτων,
1049 629 1124 706 εἶναι
1141 637 1200 725 οὐχ

112 744 193 820 όπως
207 742 367 815 ἤκουσαν.
384 741 498 810 Πάντα
517 733 551 808 δὲ
571 743 624 809 τὸν
645 736 709 810 ύίον
729 741 799 834 περί
813 768 848 808 τε
861 741 919 820 τὰς
934 743 1044 836 θύρας,
1065 741 1116 808 καὶ
1130 739 1199 834 περὶ

112 846 154 914 τὰ
172 846 339 975 πολεμυιέρ
353 840 548 941 διαπερῶσιν·
564 834 611 916 Ex
625 841 745 917 παίδων
761 840 797 916 δὲ
815 849 891 978 πρὸς
909 847 1016 916 πάντα
1032 848 1125 915 πόνον
1145 872 1200 928 τε,

114 955 165 1020 καὶ
182 958 292 1030 πᾶσαν
321 954 448 1022 ἀσκοῦσι
467 959 545 1045 σροῖς
572 957 782 1048 σκληρότητα·
803 955 855 1022 καὶ
873 955 989 1034 τοῦςε
975 949 1169 1032 ἐξαύτῶν“
1150 977 1201 1019 οτι

113 1066 242 1138 πλεῒςον
258 1061 410 1155 χρόνον’
391 1060 529 1156 αγάμους
549 1053 765 1155 διαμένοντας,
779 1061 929 1154 μαλιςα’
915 1072 1081 1130 επαινοῦσι
1096 1062 1200 1145 τούτῳ

116 1167 169 1296 μὲγ
189 1193 230 1234 το
248 1177 311 1236 τοῦ
327 1171 471 1259 σώματος
487 1169 631 1263 μέγεθος,
645 1171 749 1257 τούτῳ
770 1161 850 1237 δὲ
819 1195 877 1238 την
893 1154 1005 1260 Ῥώμην
1020 1195 1040 1233 τ
1044 1166 1200 1262 ρέρεσθαι,

117 1271 230 1345 καὶτὰ
252 1283 348 1366 νεῦρα
372 1268 568 1344 ύιύαιοῦσθαι
586 1239 770 1368 νομίζοντές.
786 1275 851 1342 Καὶ
868 1274 1050 1368 πρόσθεν
1018 1300 1072 1367 μεν
1090 1273 1201 1340 εἴκοσιν

117 1381 195 1454 ἐτῶν
214 1378 381 1449 συνουσίαν
401 1383 478 1472 ἔχειν
499 1389 665 1477 γυναικῶν,
678 1381 883 1476 αἰσχρότατον
895 1388 1060 1476 ἡγοῦνται.
1080 1381 1202 1461 Τούτου

118 1477 147 1552 δ’
169 1490 256 1578 ὅμως
278 1491 337 1555 οὐκ
356 1487 599 1556 άποιιωλύονται·
620 1482 723 1581 ἐπιμὶξ
742 1490 796 1580 μὲν
817 1486 876 1584 γὰρ
898 1479 1006 1582 άνδρις
1024 1487 1059 1554 τὶ
1075 1486 1127 1553 καὶ
1146 1512 1203 1580 γυ-

118 1599 217 1672 ναῦιες
235 1597 266 1662 ἐν
286 1600 353 1672 τοῖς
369 1603 522 1687 ποταμοῖς
534 1597 695 1678 λούονται,
709 1593 761 1662 καὶ
775 1603 895 1687 μικραῖς
912 1597 1052 1687 βύρσαις,
1066 1592 1085 1668 ἢ
1106 1595 1202 1685 μόνων

118 1701 321 1794 καλουμένων
340 1693 423 1779 ζώων
443 1694 590 1796 δέρμασιν
614 1693 783 1769 ἐνδύονται·
804 1699 844 1767 ὧν
864 1693 919 1768 διὰ
939 1703 994 1774 την
1018 1695 1230 1792 ύραχύτητα,

120 1807 157 1874 τὸ
176 1813 311 1884 πλεῖςον
327 1818 384 1874 τοῦ
402 1811 546 1900 σώματος
566 1812 667 1876 αὐτῶν
683 1816 864 1902 γυμνοῦται.

173 1915 289 1984 XXII.
307 1914 385 2008 Περὶ
399 1907 434 1981 δὲ
450 1917 506 1988 τὴν
525 1915 672 2010 γεωργίαν
697 1914 725 1982 οἱ
748 1913 898 2007 Γερμανοὶ
917 1916 952 1980 οὐ
966 1903 1204 1991 σπουδάζουσιν·

122 2016 205 2090 νίλλέιἸ
217 2019 361 2118 γάλακτί
382 2047 432 2105 τε,
449 2021 501 2088 καὶ
522 2032 624 2113 τυρῷ,
641 2021 693 2088 καὶ
716 2023 836 2115 κρέασιν
863 2018 913 2087 ἐπὶ
931 2021 969 2087 τὸ
992 2024 1118 2096 πλεῖς-ον
1139 2019 1207 2110 τρέ-

123 2149 245 2216 φονται·
268 2118 371 2213 οῦδεὶς
395 2129 447 2220 μὲν
473 2124 532 2223 γὰρ
562 2131 663 2194 αὐτῶν
689 2127 784 2222 άγροῦ
815 2122 977 2219 ὡρισμένον
1004 2124 1037 2192 τὶ
1061 2122 1204 2218 μέρος,ἢ
1280 2136 1284 2142 ’

124 2235 227 2327 χώραν
247 2225 419 2324 ἔχείγίδίαν·
437 2234 464 2302 οἱ
479 2231 625 2330 άρχοντες
640 2225 675 2300 δέ
691 2234 760 2300 καθ’
774 2237 885 2311 ἐκαςον
904 2235 973 2310 ἔτος
992 2241 1059 2309 ταῖς
1078 2237 1206 2323 ρυλαῖς,

125 2339 176 2406 καὶ
200 2340 371 2432 ἀνθρώπων
391 2340 431 2418 εἰς
451 2342 551 2430 φιλίαν
574 2341 720 2418 ἀλληλοις
739 2339 887 2407 ἐλθόντων
907 2339 1067 2433 συλλόγοις
1085 2341 1208 2430 χώραν,

126 2447 160 2519 ἥν
182 2472 256 2515 τινα
281 2445 367 2541 σρίσι
387 2438 492 2530 δοκεῖ,
513 2437 709 2530 διαδιδοῦσι,
728 2448 858 2524 τούτους
881 2447 917 2513 τέ
944 2457 990 2533 τῷ
1010 2446 1127 2513 ἐπιόντι
1147 2444 1209 2509 ἔτει

128 2551 167 2629 τίς
181 2550 281 2627 άλλην
296 2552 480 2646 μεθίςασθαι
491 2556 593 2645 χώραν
609 2547 824 2647 ἀναγκάζουσι.
833 2552 952 2619 Τοῦτον
968 2543 1003 2617 δὲ
1018 2543 1072 2617 διὰ
1089 2548 1207 2627 πολλὰς

128 2658 181 2727 τὸν
195 2660 293 2752 νόμον
306 2658 405 2738 αἰτίας
420 2660 492 2737 τοῦς
507 2660 678 2751 Γερμανοὺς
695 2664 793 2726 πάλαι
814 2657 916 2753 θέσθαι
933 2660 1069 2751 λέγεται·
1083 2666 1207 2749 πρῶτον

130 2765 266 2857 μὲν,ίνα
287 2769 329 2859 μὴ
347 2765 488 2857 συνηθείᾳ
508 2776 564 2842 τῆς
585 2765 732 2860 γεωργίας
756 2764 816 2831 τινὶ
839 2757 1060 2843 δονλωθέντες,
1077 2763 1113 2837 ἢν
1132 2762 1209 2853 πρὸς

129 2872 182 2938 τὸν
202 2872 341 2966 πόλεμον
357 2874 460 2964 έχουσι
473 2863 631 2955 σπονδὴν,
644 2874 720 2997 πρὸς
739 2873 795 2945 τήν
813 2868 961 3001 γεωργίαν
982 2871 1101 2943 ταύτην
1115 2894 1210 2960 μετα-

132 2969 316 3045 &meust
299 3004 407 3047 ιπειτα
427 2971 462 3045 δὲ
468 3006 538 3070 ,μη
563 2979 591 3045 οἱ
616 2976 787 3071 κρείττονες
801 2980 921 3062 αὐτῶν,
934 3003 990 3044 του
974 2978 1121 3061 πολλὴν
1135 2978 1210 3050 κτιί·

132 3086 243 3153 σασθαι
257 3089 362 3178 χώραν
377 3084 563 3177 ἐπιθυμίας
550 3087 744 3217 εγγενομένης
760 3088 881 3168 αὐτοῖς,
894 3086 965 3161 τοὺς
979 3088 1090 3161 ἥσσους
1105 3084 1139 3149 ἐκ
1153 3092 1210 3159 τῆς

134 3178 218 3269 ἰδίας
234 3192 445 3274 άπελαύνωσι,
462 3191 514 3259 καὶ
536 3194 610 3285 πρὸς
635 3193 673 3258 τὸ
692 3192 748 3274 τό,
768 3216 803 3257 τε
827 3188 943 3282 ψύχος,
966 3189 1018 3257 καὶ
1042 3191 1079 3257 τὸ
1106 3198 1211 3281 καῦμα

135 3294 337 3392 ἀποφεύγειν,
350 3301 560 3392 ἐπιμελέςερον
576 3324 645 3393 περι
663 3294 720 3375 τὰς
740 3288 905 3389 οἰκοδομάς
918 3288 1128 3375 σπουδάζουσι
1142 3321 1213 3388 μετ-

136 3402 243 3471 έπειτα
267 3397 303 3471 δέ
326 3403 398 3487 καὶ,
419 3408 464 3496 μό
481 3431 529 3482 τις
547 3405 702 3495 άπληςείορ
721 3402 906 3497 χρημάτων,
920 3402 956 3481 ἧς
978 3401 1090 3471 πολλοὶ
1108 3402 1212 3496 ἔχθραι

136 3510 281 3595 ρύονται,
296 3510 347 3579 καὶ
366 3510 487 3593 ςάσεις,
508 3510 686 3606 ἐγγίγνηται
705 3515 820 3589 αὐτοῖς·
845 3509 898 3577 καὶ
918 3510 969 3577 ἵνα
995 3511 1070 3603 πρὸς
1089 3512 1212 3585 τούτοις

137 3616 189 3681 τὸν
211 3618 304 3708 ὄχλον
320 3606 395 3709 (τὴν
416 3622 526 3685 ἑαυτοῦ
545 3612 682 3749 ύτραρξιν
702 3628 743 3711 τῇ
762 3627 826 3683 τῶν
844 3609 1113 3685 δυνατωτάτων
1101 3615 1215 3692 εκάςου

101 3756 105 3761 ·“
138 3717 204 3824 ἴτην
224 3722 299 3791 εἶναι
323 3730 454 3853 ορῶντος
468 3721 507 3810 )’
494 3750 523 3791 εν
544 3724 665 3798 ἰσότητι
683 3723 841 3817 κατέχωσί
863 3750 932 3791 τινι.
959 3720 1015 3790 Διὰ
1034 3732 1137 3790 ταῦτα
1159 3721 1214 3813 μὲν

141 3818 190 3893 νύν
215 3832 314 3897 πάλαι
328 3858 356 3900 οι
347 3832 521 3925 Γερμανοὶ
534 3839 629 3899 τοῦτο
648 3829 882 3920 ἐνομοθέτησαν.

193 3938 317 4007 XXIII.
333 3938 454 4016 Πάσαις
469 3930 558 4004 δὲ’
519 3963 644 4032 μαγις-ος
665 3939 753 4005 τοῦτ’
767 3937 889 4015 ἔπαινός
903 3940 952 4014 ἐςι
966 3963 1024 4015 της
1045 3897 1215 4028 Γερμανίας

60 4108 63 4115 ,
142 4044 209 4117 ταῖς
222 4044 391 4129 πόλεσι,
359 4072 398 4115 το
418 4047 468 4111 ότι
485 4043 614 4122 πλείςην
630 4046 749 4137 χώραν,
760 4046 820 4113 ὑπὸ
840 4052 922 4134 σρῶν
943 4036 1131 4137 δηωθεῖσαν,
1145 4041 1215 4134 περὶ

144 4150 219 4233 σφᾶς
238 4150 436 4243 ἐρημοῦσθαι*
449 4160 543 4219 τοῦτο
564 4152 616 4243 μὲν
642 4149 699 4245 γὰρ
723 4160 783 4227 τῆς
806 4158 889 4240 σρῶν
916 4152 1026 4244 άρετῦς
1043 4151 1215 4243 μαρτύριον
