3000 5025
392 460 430 529 c.
459 458 659 529 ιυιιυε
686 458 878 529 cAEsAR.
1123 459 1196 560 ει,

115 596 284 689 κατη’γαγεν
325 593 466 671 ἅπαντας
500 590 541 670 εἰς
573 593 612 660 τὸ
652 582 859 685 ςρατύπεθον.
891 592 1123 688 Πυνθανύμενος
1141 590 1199 692 ,δὲ

20 754 22 773 ,
114 708 238 795 χρησμῷ
270 726 331 767 τινι
365 706 488 787 παλαιῷ
517 699 634 793 θαρρεῖν
660 700 733 795 τούς
762 699 948 791 πολεμίους,
975 706 1015 779 ὡς
1042 713 1197 797 προσῆκον

20 808 21 833 ³
113 808 157 875 ἀεὶ
186 816 233 895 τῷ
267 806 433 886 Σιιπίωνος
460 808 539 902 γίνει
565 811 685 902 κρατεῖν
717 807 747 873 ἐν
774 801 900 902 Λιύύρ,
920 809 1056 898 χαλεπὸν
1087 809 1198 900 εἰπεῖν,

113 916 165 982 εἴτ’
186 909 393 1007 ἐκφλαυρίζων
411 912 421 938 ¹
441 918 472 982 ἐν
498 904 611 1005 παιδιᾷ
633 938 695 981 τινι
716 914 771 980 τὸν
796 910 951 982 Σκιπίωνα
979 926 1199 1011 ςροετηγοῢντα

20 1064 22 1107 t
113 1030 170 1088 τῶν
193 1019 366 1114 πολεμίων,
385 1021 447 1089 εἴτε
475 1021 527 1089 καὶ
550 1010 672 1114 σπουδῇ
707 1020 761 1088 τὸν
786 1019 892 1088 οἰωνὸν
924 1019 1142 1114 οἰκειούμενος,
1161 1022 1198 1099 ἦν

20 1110 22 1223 ί
113 1128 165 1222 γὰρ
183 1130 259 1224 παρ’
278 1130 364 1217 αύτῷ
379 1154 426 1208 τις
445 1125 622 1222 ἄνθρωπος,
645 1125 746 1205 άλλως
775 1127 830 1217 μὲν
854 1129 1125 1221 εὐκαταφρόνητος
1148 1130 1201 1199 καὶ

20 1278 22 1309 e
112 1236 378 1329 παρημελημένος,
404 1235 500 1315 οἰκίας
524 1227 560 1302 θέ
588 1246 645 1313 τῆς
673 1223 875 1327 Ᾱφρικανῶν,
898 1234 1032 1302 Σκιπίων
1061 1238 1200 1306 ἐκαλεῖτο

112 1343 304 1411 Σαλλουτίων
315 1339 337 1383 ²·
355 1352 467 1411 τούτου
483 1346 513 1409 ἐν
529 1348 597 1419 ταῖς
612 1338 728 1434 μάχαις
746 1342 954 1435 προέταττεν,
970 1346 1071 1436 ὥσπερ
1090 1345 1202 1438 ἡγεμό-

20 1530 21 1543 γ
111 1476 145 1518 να
161 1460 218 1529 τῆς
232 1453 384 1543 ςρατιάς,
399 1443 647 1547 ἀναγκαζόμενος
659 1450 811 1527 πολλάκις
830 1444 1016 1527 ἐξάπτεσθαι
1029 1456 1092 1517 τῶν
1106 1457 1200 1519 πολε·

20 1544 21 1557 ³
111 1556 182 1649 μίων
197 1556 251 1624 καὶ
264 1562 456 1650 φιλομαχεῖν.
471 1537 518 1623 Ilv
532 1553 595 1652 γὰρ
607 1556 679 1623 ούτε
698 1562 784 1635 σῖτος
806 1562 871 1633 τοῖς
889 1549 1036 1648 ἀνθράσιν
1053 1553 1200 1649 ἀφθυνος,

20 1720 21 1745 3
112 1664 177 1730 ούτε
208 1656 383 1758 ὑποζυγίοις
409 1666 517 1757 χιλὸς,
535 1659 618 1733 αλλά
645 1664 748 1757 βρύοις
766 1657 979 1758 ἠναγκάζοντο
997 1664 1201 1749 θαλαττίοις,

20 1828 21 1831 ,
95 1769 354 1853 ἀποπλυνθείσης
373 1782 429 1851 τῆς
444 1762 632 1865 ἁλμυρίδος,
650 1769 758 1865 ὀλίγην
784 1766 920 1865 ἀγρωςιν
946 1775 1048 1865 ὥσπερ
1075 1762 1203 1865 ἥδυσμα

111 1880 368 1973 παραμιγνύντες,
388 1878 511 1975 ἐπάγειν
530 1886 595 1957 τοῖς
609 1880 724 1955 ἵπποις.
742 1878 784 1943 Οἱ
801 1876 859 1973 γὰρ
874 1868 1023 1969 Νομάθες
1042 1879 1201 1969 ἐπιφαινό-

112 2010 191 2075 μενοι
205 1985 318 2053 πολλοὶ
336 1985 388 2057 καὶ
406 1994 511 2079 ταχεῖς
531 1986 661 2063 ἑκάςοτε
676 1991 820 2077 κατεῖχον
834 1987 891 2059 τὴν
912 1988 1028 2078 χώραν.
1044 1984 1110 2051 Καί
1122 2011 1200 2053 ποτε

112 2100 169 2158 τῶν
185 2090 344 2185 Καίσαρος
359 2094 475 2163 ἱππέων
495 2096 609 2186 σχολὴν
630 2093 770 2187 ἀγύντων
784 2088 897 2184 (ἔτυχε
917 2091 976 2187 γὰρ
1001 2080 1106 2169 αὐτοῖς
1125 2094 1200 2186 ἀνὴρ

112 2193 205 2278 Λίύυς
217 2191 463 2293 ἐπιδεικνύμενος
479 2201 603 2293 ὄρχησιν
617 2200 683 2291 ἅμα
693 2198 744 2265 καὶ
757 2206 916 2291 μοναυλῶν
926 2199 1084 2291 θαύματος
1096 2193 1198 2279 ἀξίως·

112 2306 137 2373 οἱ
155 2297 190 2373 θὲ
209 2308 393 2399 τερπόμενοι
416 2307 587 2391 ἐκάθηντο,
607 2314 673 2386 τοῖς
690 2306 780 2373 παισὶ
798 2308 870 2385 τοὺς
886 2309 998 2385 ἵππους
1014 2303 1200 2399 ἐπιτρίψαν-

111 2409 205 2499 τες),
227 2404 367 2505 ἐξαίφνης
390 2410 403 2499 [
424 2406 489 2499 δὲ]
514 2413 721 2507 περιελθόντες
749 2408 955 2505 ἐμύάλλουσιν
981 2414 1010 2481 οἱ
1038 2416 1200 2506 πολίμιοι,

111 2521 160 2588 καὶ
179 2521 253 2600 τοὺς
273 2522 326 2613 μὲν
343 2526 444 2589 αὐτῶν
460 2524 628 2605 κτείνουσι,
643 2529 707 2598 τοῖς
726 2510 757 2585 θ’
777 2520 818 2598 εἰς
845 2513 1041 2613 ςρατύπεθον
1065 2547 1201 2616 προτρο-

111 2618 215 2702 πάθην
234 2630 444 2721 ἐλαυνομένοις
459 2631 680 2698 συνεισέπεσον.
699 2627 737 2692 Εἰ
757 2617 792 2693 δὲ
809 2630 851 2719 μὴ
867 2630 989 2713 Καῖσαρ
1008 2628 1121 2710 αὐτὸς,
1134 2631 1202 2721 ἅμα

113 2719 166 2804 δὲ3
181 2733 328 2828 Καίσαρα
347 2731 490 2804 Πολλίων
508 2725 647 2816 Ᾰσίνιος,
664 2733 847 2818 βοηθοῦντες
868 2736 903 2800 ἐκ
919 2744 977 2800 τοῦ
994 2734 1131 2824 χάρακος
1148 2737 1200 2802 ἐσ-

112 2869 163 2934 χον
183 2845 241 2916 τὴν
262 2845 380 2936 φυγὴν,
396 2833 598 2936 διεπέπρακτ’
617 2837 683 2907 ἀνθ
703 2841 850 2931 πόλεμος.
867 2820 928 2918 Igu
947 2831 978 2907 θ’
996 2843 1050 2926 ὅτε
1062 2838 1116 2906 καὶ
1132 2841 1200 2908 καθ’
1301 2913 1307 2920 ,

113 2951 217 3042 έτέραν
236 2948 339 3041 μάχην
354 2951 596 3023 ἐπλεονέκτησαν
611 2949 640 3016 οἱ
652 2948 812 3040 πολέμιοι,
827 2953 1008 3039 συμπλοκῆς
1022 2950 1201 3042 γενομένης,

113 3059 140 3122 ἐν
160 3053 181 3152 ᾖ
197 3059 319 3149 Καῖσαρ
335 3059 388 3124 τὸν
408 3057 574 3150 ἀετοφόρον
593 3059 747 3148 φεύγοντα
761 3055 888 3148 λέγεται
901 3057 1068 3146 κατασχὼν
1088 3057 1124 3123 ἐκ
1144 3068 1201 3126 τοῦ

114 3166 256 3256 ὠχένος,
272 3149 475 3257 ἀναςρέψαιί·
490 3165 542 3230 καὶ
559 3162 671 3246 εἰπεῖν·Ι
682 3193 695 3222 ιι
710 3146 857 3228 Ενταύθα
871 3161 943 3227 εἰσὶν
958 3162 987 3228 οἱ
1002 3163 1155 3252 πολέμιοι.
1178 3193 1196 3230 ιι

165 3272 261 3340 LIII.
289 3273 419 3348 Τούτοις
445 3273 550 3364 μέντοι
573 3277 638 3348 τοῖς
656 3271 884 3362 προτερήμασιν
909 3254 1048 3360 ἐπήρθης
1066 3269 1199 3338 Σκιπίων

137 3375 197 3472 άχιρ
214 3377 360 3470 κριθῆναι·
383 3376 435 3444 καὶ
453 3365 634 3446 καταλιπὼν
658 3373 750 3469 χωρὶς
773 3375 828 3468 μὲν
853 3364 1028 3466 Ᾱφράνων,
1052 3374 1144 3468 χωρὶς
1165 3369 1200 3449 θὲ

114 3402 224 3568 ἐύύαν,
240 3475 283 3550 δι’
294 3483 398 3580 ὀλίγου
413 3476 719 3578 ςρατοπεθεύσντας,
734 3485 828 3560 αὐτὸς
842 3476 987 3572 ἐτείχιζεν
1002 3483 1078 3573 ὑπὲρ
1090 3482 1199 3576 λίμνης

116 3591 210 3685 ἔρυμα
226 3599 275 3679 τῷ
291 3584 495 3686 ςρατοπέἀῳ,
511 3590 581 3686 περὶ
594 3591 684 3658 πόλιν
700 3585 830 3678 Θάψον,
846 3588 947 3666 ὡςίίη
967 3592 1060 3674 πᾶσιν
1074 3588 1126 3656 ἐπὶ
1143 3593 1199 3665 τὴν

158 3803 183 3839 1.
200 3785 310 3857 Vulgat.
327 3787 376 3837 ἐιτι
392 3785 533 3857 φλαυρίζων.
723 3791 749 3846 4.
766 3783 878 3834 Factum
893 3783 947 3834 hoc
971 3782 1000 3833 in
1021 3783 1114 3854 praelio
1136 3803 1198 3837 cum

157 3886 182 3920 ε.
205 3867 229 3918 Α
247 3863 423 3920 similitudine
445 3885 508 3918 cum
533 3863 635 3932 Mimo,
681 3863 815 3926 Labieno,
831 3859 866 3916 de
886 3881 941 3934 quo
955 3862 1025 3934 App.
1038 3881 1078 3930 11,
1095 3864 1150 3932 953
1163 3863 1198 3918 (le

117 3964 264 4018 cognomen
279 3947 333 3999 hoc
348 3944 456 4000 cuidam
477 3965 509 3998 ex
530 3965 561 4000 εει
579 3943 636 3998 Sci·
681 3943 747 3996 Bell.
763 3943 819 3995 Afr.
837 3943 871 3999 13
886 3962 959 4014 seqq.

117 4027 227 4097 pienum
252 4027 353 4080 familia
382 4028 535 4082 obvenerat.
564 4021 635 4079 Plin.
724 4023 749 4076 5.
769 4022 831 4074 Non
849 4022 950 4094 Sponte
965 4021 1069 4093 Scipio,
1089 4022 1136 4077 sed
1151 4044 1200 4078 ne-

119 4125 174 4172 νει,
194 4125 248 4173 1²3
266 4107 338 4162 Suet.
355 4107 384 4158 in
400 4107 465 4160 Caes.
485 4107 531 4162 56.
682 4103 803 4156 cessitate
811 4115 927 4169 coactus,
936 4101 1059 4175 praeh'uin
1068 4098 1120 4158 hoc
1127 4101 1199 4158 c'om-

158 4188 184 4240 3.
201 4185 462 4242 KaiaddiditReisk.
682 4184 765 4237 misit.
780 4183 841 4236 Lib.
855 4183 901 4236 cit.
926 4202 963 4253 79
975 4203 1048 4255 seqq.
1125 4177 1131 4188 ⁸
