3000 5025
297 440 348 515 66
528 445 556 511 J.
585 440 733 515 CELSI
762 442 1134 512 COMMENTARII

270 610 273 617 ·
296 604 365 674 quo
371 600 519 674 pergere
536 578 764 647 necessarum
768 574 897 664 fuisse.
912 577 953 645 Si
964 578 1115 649 Romani
1124 578 1249 667 velint,
1263 606 1375 676 posse

223 738 226 746 -
296 693 345 757 ets
365 692 496 757 aml'cos
514 707 588 753 esse
608 706 678 751 non
699 683 843 753 ιἰιιιιιῖιι.
864 681 931 751 Ad
945 682 985 753 id
993 706 1081 753 sane
1099 683 1244 755 dirorum
1260 691 1374 760 altero

276 870 278 873 ,
295 818 383 889 opus
393 818 485 880 esse,
501 807 541 859 ut
550 804 616 859 aut
625 806 736 859 terras
747 794 813 875 eir,
829 812 920 883 qiuts
932 790 1145 878 titbabt'tm,
1161 792 1370 887 largiantrer,

295 918 361 971 aut
371 899 553 999 possidere
573 920 663 991 quas
684 902 791 965 armis
804 902 1222 993 quast'ermt,pat1ant1u.
1234 902 1374 975 Adhaec

295 1010 408 1077 Caesar
427 1010 513 1076 inter
534 1003 640 1079 multa
661 1003 882 1099 respondens,
902 1006 1035 1073 nullam
1052 1007 1120 1075 illis
1131 1030 1241 1101 posse
1256 1033 1374 1079 seeum

294 1142 369 1186 esse
381 1118 568 1185 amicitiam
585 1114 646 1199 ait,
663 1116 732 1181 nisi
743 1116 994 1206 quamprimum
1009 1114 1137 1182 Gallae
1135 1113 1277 1202 finibus
1289 1123 1373 1185 emi-

290 1237 453 1318 grarent3
462 1244 572 1315 neque
588 1224 676 1289 suas
687 1243 725 1287 se
739 1223 861 1289 mirari
866 1242 975 1314 posse
983 1272 995 1305 ,
1013 1242 1176 1313 quanam
1194 1238 1287 1291 esset
1300 1228 1374 1293 ista

292 1334 404 1417 ratio,
432 1344 472 1397 ut
489 1330 551 1421 qru'
578 1350 644 1395 sua
669 1324 855 1417 defindere
882 1349 954 1396 noa
972 1328 1149 1413 amarent,
1171 1329 1376 1400 manderent

292 1438 431 1521 omnm·
452 1439 557 1530 quasi
581 1433 633 1503 ad
661 1433 823 1525 injurtam
843 1434 1080 1531 inserendam,
1099 1458 1206 1529 quam
1235 1436 1288 1506 ad
1310 1438 1372 1507 tle·

278 1542 502 1635 findendam
516 1541 692 1633 justitiam
703 1541 897 1633 foramem
925 1565 1028 1634 quum
1044 1540 1257 1632 firrtmribus
1286 1550 1373 1639 virts

290 1656 381 1720 vt'res
399 1649 529 1719 addere
549 1650 664 1717 soleat
687 1652 889 1741 animosque
909 1646 1065 1738 defensio
1086 1666 1249 1745 suscepta
1263 1652 1372 1743 Justi·

290 1762 350 1827 tue
367 1784 377 1825 .·
397 1780 508 1851 neque
527 1778 612 1826 vero
633 1779 708 1824 esse
728 1778 835 1849 agros
856 1754 945 1823 ullos
963 1760 999 1825 in
1022 1756 1159 1843 Gallia,
1182 1762 1245 1851 qui
1258 1773 1373 1829 tantae
1413 1780 1417 1792 ·

289 1864 461 1933 bominum
479 1862 688 1932 multitudini
704 1865 883 1955 assignari
891 1867 1035 1957 possint
1051 1868 1126 1931 sine
1145 1864 1274 1955 aquira
1281 1890 1372 1961 pos-

289 1993 468 2040 sessorum.
500 1972 592 2037 Esse
612 1983 727 2037 autem
749 1967 850 2063 apud
869 1992 907 2036 se
932 1970 1082 2039 abarum
1099 1976 1252 2064 gentiam
1272 1974 1371 2068 lega-

289 2094 362 2165 tos,
390 2080 544 2172 inprims
576 2075 758 2161 Ubiorum,
790 2079 977 2144 umerorum
995 2078 1125 2173 populi
1145 2084 1298 2166 romani,
1324 2081 1372 2150 de

289 2186 474 2254 Suevoriun
499 2184 665 2251 uiolentia
688 2198 951 2275 conquerentes,
973 2208 1140 2279 opemque
1154 2202 1372 2281 poscentes:

281 2314 390 2384 posse
410 2313 470 2357 eos
491 2286 568 2357 oum
587 2289 654 2359 illis
674 2288 852 2376 habuere,
875 2289 986 2359 donee
1006 2296 1157 2385 utruque
1175 2295 1371 2364 consulatm

287 2401 334 2464 sit
349 2423 360 2464 .·
382 2420 420 2464 se
441 2397 559 2465 Suebis
579 2400 840 2488 inpereturum,
865 2411 905 2463 ut
918 2396 968 2466 ab.
983 2422 1099 2467 eorum
1113 2398 1371 2492 offinaom'bus

287 2502 495 2572 absterreant.
510 2502 627 2595 Legati
637 2526 673 2572 se
687 2517 765 2596 post
782 2502 931 2572 triduum
952 2504 1136 2593 redituros,
1153 2532 1369 2607 responsqm·

286 2635 351 2703 que
372 2634 440 2678 suae
458 2610 565 2704 gentis
575 2606 737 2677 relaturos
746 2635 852 2702 quum
869 2610 1046 2701 dixissent,
1059 2630 1308 2708 poposcerunt,
1324 2642 1368 2686 ne

286 2731 394 2786 castra
415 2716 548 2784 interim
567 2730 792 2808 promoveret.
817 2718 927 2785 Sensit
948 2717 1100 2788 fraudem
1122 2723 1251 2810 Caesar3
1273 2727 1367 2817 equi·
1411 2761 1417 2772 ·

286 2838 374 2893 tatus
387 2824 477 2891 enim
493 2836 623 2916 partem
641 2846 799 2916 magnam
814 2837 906 2892 trans
921 2826 1054 2894 Mosam
1067 2851 1201 2895 amnem
1215 2828 1365 2898 dumen-

286 2944 393 2998 tatum
413 2929 456 2997 ab
475 2929 513 2996 iis
531 2930 666 2997 missam
685 2943 853 3015 senserat,
867 2953 968 3022 quam
988 2931 1055 3005 hoe
1076 2936 1184 3026 spatio
1204 2940 1367 3030 temporis

285 3035 516 3130 expectabant.
540 3037 658 3128 Itaque
677 3035 769 3129 quod
785 3049 939 3129 peterent
960 3062 995 3106 se
1020 3039 1188 3108 facturum
1211 3046 1366 3136 negavit,

284 3144 530 3238 processitque3
549 3157 583 3210 et
603 3166 707 3236 quum
719 3142 790 3234 jam
813 3143 877 3210 nisi
889 3142 1067 3214 duodecim
1085 3145 1187 3214 millia
1203 3172 1366 3242 passuum

284 3250 422 3319 distaret
443 3273 463 3317 a
485 3248 656 3338 barbaris,
678 3248 778 3342 legati
799 3247 834 3316 id
854 3251 964 3342 ipsum
990 3268 1166 3345 poscentes
1187 3256 1366 3326 instantius

247 3358 253 3400 ²
284 3371 521 3445 ocourrerunt3
530 3355 628 3450 idque
640 3381 744 3450 quum
763 3357 883 3423 iterum
899 3373 1072 3451 negasset,
1085 3363 1256 3454 petierunt
1269 3378 1308 3431 ut
1322 3365 1369 3433 ad

284 3489 362 3533 suos
383 3465 527 3557 equites,
554 3466 611 3558 qui
631 3463 812 3557 praeibant,
835 3463 1012 3534 mandaret
1033 3466 1147 3560 praelio
1175 3468 1367 3560 abstinere,

283 3571 395 3640 donec
418 3572 481 3665 ipsi
501 3568 627 3665 legatos
650 3569 692 3638 ad
706 3593 781 3655 eos,
794 3593 879 3663 quos
897 3572 932 3640 in
949 3572 1067 3642 eadem
1079 3574 1270 3650 eonditione
1283 3601 1365 3648 cum

281 3680 398 3747 suevis
420 3703 491 3746 esse
510 3678 650 3763 diceret,
671 3675 891 3764 destinarent,
913 3693 969 3768 ut,
992 3680 1116 3749 foedere
1140 3706 1218 3750 cum
1237 3684 1364 3754 amem

280 3786 365 3872 icto,
383 3784 481 3871 simul
493 3785 633 3853 Caesaris
647 3781 785 3852 consilio
799 3799 994 3854 uterentur:
1010 3787 1053 3855 ad
1067 3787 1138 3858 haec
1156 3788 1364 3882 exploranda

279 3907 314 3961 et
334 3891 498 3960 firmanda
513 3915 591 3959 cum
614 3891 711 3959 Ubiis
728 3891 842 3960 triduo
859 3894 960 3961 etiam
980 3919 1066 3989 opus
1088 3919 1169 3965 esse.
1195 3896 1364 3968 Intellexit

278 4023 411 4093 quoque
428 4001 542 4068 Caesar
557 3998 645 4067 hanc
667 4000 861 4092 petitionem
875 4001 993 4069 eodem
1015 4017 1186 4097 spectare,
1203 4028 1273 4097 quo
1292 4007 1364 4099 pn·-

278 4129 389 4176 mam:
412 4105 586 4199 respondit
610 4121 741 4198 tamen,
763 4131 801 4177 se
821 4107 876 4183 die
902 4107 960 4177 illo
987 4133 1056 4179 non
1089 4109 1231 4205 amplius
1257 4135 1361 4205 quam
