3000 5025
381 483 418 551 C.
448 481 641 551 JULIUS
669 481 860 552 CAESAR.
1090 484 1165 558 333

100 616 254 709 ἐχρόσατο,
267 612 319 683 καὶ
339 616 578 692 τελευτησαντος
592 614 822 695 4ἐπηκολούθησε
840 617 974 709 τιμωρὸς
986 629 1044 687 τοῦ
1058 620 1168 711 φόνου,

101 713 145 788 διά
163 746 196 788 τε
214 732 269 817 γῆς
297 720 399 798 πάσης
419 721 471 805 καὶ
496 718 650 799 θαλάσσης
677 723 808 788 ἐλαύνων
833 721 885 789 καὶ
903 724 1065 815 ἀνιχνεύων
1094 724 1167 822 ἀχρι

101 837 147 895 τοῦ
159 819 276 919 μηδένα
286 834 387 895 λιπεῖν
401 834 462 895 τῶν
477 827 709 909 ἀπεκτονότων,
722 824 804 895 αλλά
815 827 867 895 καὶ
878 830 950 907 τοὺς
963 831 1032 900 καθ’
1046 838 1167 919 ὁτιοῦν,

101 932 115 1007 ἢ
128 934 198 1027 χειρὶ
213 944 270 1002 τοῦ
285 936 374 1029 ἔργου
393 934 549 1029 θιγόντας,
564 932 582 1009 ἢ
597 935 723 1026 γνώμης
740 936 974 1026 μετασχόντας,
989 932 1167 1016 ἐπεξελθεῖν.

101 1042 352 1133 (θαυμασιώτατον
373 1032 408 1107 δὲ
427 1048 488 1108 τῶν
509 1040 563 1132 μέν
582 1039 775 1133 ἀνθρωπίνων
797 1043 834 1109 τὸ
854 1041 922 1135 περὶ
939 1041 1087 1111 Κάσσιον·
1107 1052 1168 1121 ἠτ-

103 1147 186 1225 τηθεὶς
200 1146 258 1243 γὰρ
278 1151 308 1215 ἐν
332 1146 512 1231 Φιλίπποις,
531 1145 633 1234 ἐκείνῳ
651 1154 697 1233 τῷ
716 1137 839 1235 ξιφιδίῳ
857 1138 1019 1242 διέφθειρεν
1038 1152 1168 1235 ἑαυτὸν,

104 1250 207 1338 ᾦκατδι
219 1254 377 1348 Καίσαρος
391 1256 555 1346 ἐχρήσατο·
571 1261 632 1321 τῶν
649 1244 684 1321 δὲ
703 1252 807 1338 θείων,
820 1258 841 1323 ό
851 1280 887 1321 τε
900 1256 996 1351 μέγας
1010 1256 1168 1349 κομήτηςι

21 1356 23 1363 ’
106 1355 225 1451 (ἐφάνη’
241 1356 300 1455 γάρ
321 1360 370 1429 ἐπὶ
388 1362 501 1439 νύκτας
520 1358 602 1426 ἑπτὰ
620 1357 701 1452 μετὰ
721 1363 776 1435 τὴν
797 1360 953 1454 Καίσαρος
967 1366 1086 1457 σφαγὴν
1105 1353 1169 1431 δια·
1199 1416 1203 1424 .

104 1470 220 1558 τρεπὴς,
235 1462 291 1534 εἶτ’
310 1462 497 1559 ἠφανίσθη),
511 1465 563 1533 καὶ
583 1465 622 1533 τὸ
639 1465 709 1560 περὶ
727 1468 781 1534 τὸν
800 1452 905 1541 ἥλιον3
919 1469 1095 1562 ἀμαύρωμα
1111 1482 1170 1549 τῆς

106 1576 192 1667 αὐγῆς.
212 1554 295 1641 ὁλον
313 1570 372 1670 γὰρ
392 1573 574 1653 ἐκεῖνοντὸν
595 1573 731 1640 ἐνιαυτὸν
751 1575 853 1669 ὠχρὸς
873 1576 927 1667 μὲν
947 1581 963 1642 ό
981 1577 1092 1653 κύκλος
1119 1577 1171 1643 καὶ
1237 1618 1242 1627 ‹

106 1677 288 1776 μαρμαρυγὰς
314 1684 369 1748 οὐκ
390 1680 467 1771 ἔχων
490 1679 667 1763 ἀνέτελλεν,
690 1670 819 1772 ἀδρανὲς
839 1670 875 1746 δέ
902 1679 954 1747 καὶ
979 1683 1094 1749 λεπτὸν
1114 1684 1169 1751 ἀπ’

106 1790 184 1853 αὐτοῦ
201 1790 310 1882 κατῄει
324 1789 362 1855 τὸ
382 1786 500 1879 θερμόν·
521 1789 582 1863 ώςε
601 1786 655 1853 τὸν
675 1786 728 1878 μὲν
748 1786 824 1879 ἀέρα
841 1777 986 1878 δνοφερὸν
1006 1788 1057 1854 καὶ
1076 1790 1170 1883 βαρὺν

106 1892 224 1986 ἀσθενείᾳ
253 1904 309 1973 τῆς
338 1885 549 1986 διακρινούσης
575 1892 668 1960 αὐτὸν
697 1892 789 1971 ἀλέας
815 1893 1012 1986 ἐκφέρεσθαι,
1036 1895 1108 1973 τοὺς
1135 1887 1171 1963 δὲ

106 2001 222 2093 καρποὺς
236 2001 430 2093 ἡμιπέπτους
445 1998 496 2066 καὶ
510 1999 627 2077 ἀτελεῖς
646 1998 820 2075 ἀπανθῆσαι
834 1999 885 2067 καὶ
898 2003 1103 2094 παρακμάσαι
1117 1994 1172 2071 διὰ

106 2109 149 2179 τόν
166 2103 349 2200 ψυχρότητα
367 2117 423 2175 τοῦ
435 2108 646 2199 περιέχοντος.
665 2105 799 2183 Μάλιςα
822 2098 858 2173 δέ
882 2107 920 2175 τὸ
938 2110 1065 2196 Βρούτῳ
1083 2111 1172 2203 γενό-

106 2238 176 2303 μενον
191 2213 300 2307 φάσμα
317 2216 374 2287 τὴν
392 2212 549 2304 Καίσαρος
568 2204 705 2286 ἐδούλωσα
722 2215 842 2308 σφαγὴν
862 2217 895 2281 οὐ
914 2217 1076 2309 γενομένην
1095 2215 1172 2296 θεοῖς

106 2319 210 2411 ἀρεςόν·
230 2317 266 2394 ἦν
287 2312 322 2387 δέ
341 2311 472 2387 τοιόνδε·
498 2321 617 2413 μέλλων
642 2321 697 2387 τὸν
725 2320 842 2412 ςρατθν
861 2315 895 2397 ἐξ
913 2310 1041 2389 Ᾱόύδου
1068 2314 1173 2389 διαύι·

107 2418 190 2505 ύάζειν
204 2426 244 2507 εἰς
264 2429 320 2501 τὴν
337 2428 442 2520 ἑτέραν
461 2426 600 2520 ἤπειρον,
615 2425 784 2493 ἀνεπαύετο
799 2428 929 2511 νυκτὸς,
944 2432 1045 2521 ὥσπερ
1060 2429 1171 2516 εἰώθει,

106 2533 173 2601 κατὰ
187 2538 298 2614 σκηνὴν
310 2587 319 2619 ,
333 2537 366 2600 ού
381 2526 553 2616 καθεύδων,
567 2531 648 2600 ἀλλὰ
660 2526 826 2626 φροντίζων
840 2535 909 2625 περὶ
923 2545 980 2602 τοῦ
994 2538 1172 2627 μελλοντος.

106 2643 223 2736 Λέγεται
241 2640 298 2738 γὰρ
318 2640 407 2720 οὗτος
426 2641 500 2734 ἀνὴρ
520 2644 615 2716 ἥκιςα
633 2631 673 2714 δὴ
692 2648 755 2706 τῶν
776 2650 939 2734 ςρατηγῶν
958 2634 1101 2719 ὑπνώδης
1120 2669 1173 2736 γε-

105 2749 207 2837 νέσθαι,
219 2749 271 2816 καὶ
286 2755 410 2825 πλεῖςον
428 2752 528 2834 ἐαυτῷ
547 2745 654 2839 χρόνον
674 2747 860 2840 ἐγρηγορότι
876 2745 1006 2837 χρῆσθαι
1019 2751 1173 2839 πεφυκώς.

106 2855 201 2946 Ψόφου
229 2847 264 2922 δέ
285 2881 366 2934 τινος
386 2852 539 2922 αἰσθέσθαι
558 2851 627 2944 περὶ
652 2854 709 2925 τὴν
728 2850 818 2944 θύραν
841 2843 943 2936 ἔδοξε,
970 2853 1116 2946 καὶπρὸς
1135 2855 1173 2922 τὸ

105 2970 150 3027 τοῦ
165 2965 277 3054 λύχνου
293 2967 355 3052 φῶς
373 2952 433 3035 ἤδη
455 2959 702 3051 καταφερομένου
722 2954 932 3049 σκεψάμενος,
946 2955 1015 3049 όψιν
1035 2951 1096 3028 εἶδε
1116 2984 1173 3052 φο-

108 3066 183 3160 βερὰν
207 3061 318 3162 ἀνδρὸς
337 3070 466 3159 ἐκφύλου
485 3067 523 3133 τὸ
543 3064 685 3160 μέγεθος,
710 3065 762 3132 καὶ
780 3072 918 3157 χαλεποῦ
942 3067 980 3134 τὸ
998 3059 1089 3146 εἶδος.
1108 3053 1174 3135 Εκ-

104 3177 217 3269 τλαγεὶς
236 3168 272 3241 δὲ
292 3175 328 3242 τὸ
356 3184 498 3266 πρῶτον,
525 3177 564 3251 ὡς
592 3175 671 3264 ἑώρα
696 3176 776 3265 μητε
805 3171 991 3265 πράττοντά
1017 3200 1069 3258 τι,
1094 3178 1174 3267 μήτε

105 3280 310 3376 φθεγγόμενον,
331 3281 400 3347 ἀλλ’
419 3285 523 3357 ἐςῶτα
551 3290 620 3373 σιγῇ
640 3277 726 3372 παρὰ
743 3281 801 3354 τὴν
820 3278 939 3358 κλίνην,
960 3283 1089 3373 ἠρώτα,
1108 3284 1175 3360 ὅςις
1213 3300 1216 3303 ’

106 3387 169 3462 ἐςίν.
184 3378 391 3481 Ᾱποκρίνιται
407 3379 437 3452 δ’
452 3391 537 3474 αύτῷ
556 3387 594 3452 τὸ
614 3385 732 3479 φάσμα·
753 3415 771 3450 α
788 3370 818 3451 O
836 3382 946 3470 σὸς,ώ
964 3391 1095 3478 Βροῦτε,
1110 3379 1175 3454 δαί·

110 3519 196 3584 «μων
221 3495 325 3572 κακός·
349 3491 409 3587 ὄψῃ
435 3485 471 3559 δέ
499 3519 536 3585 με
555 3492 623 3584 περὶ
648 3492 831 3570 Φιλίππους.
855 3521 873 3557 υ
902 3493 984 3561 Τότε
1012 3494 1065 3585 μέν
1087 3490 1174 3562 οὖνὸ

106 3599 225 3691 Βροῦτος
245 3601 406 3694 εὐθαρσῶς·
427 3628 444 3664 α
471 3578 601 3692 (θύομαι
621 3629 659 3682 υ,
681 3594 756 3667 εἷπε·
776 3598 828 3666 καὶ
846 3600 885 3666 τὸ
904 3590 1061 3692 δαιμόνιον
1089 3600 1174 3680 εὐθὺς

107 3701 231 3774 ἐκποδὼν
258 3709 361 3802 ἀπγει.
379 3711 434 3793 Τῷ
458 3698 487 3772 δ’
510 3707 672 3799 ἱκνουμένῳ
697 3707 797 3799 χρόνῳ
819 3705 887 3798 περὶ
905 3708 977 3785 τοὺς
1002 3705 1174 3786 Φιλίππους

106 3809 285 3908 ἀντιταχθεὶς
301 3805 448 3902 Ᾱντωνίῳ
463 3813 514 3880 καὶ
534 3812 686 3907 Καίσαρι,
701 3823 741 3907 τῇ
759 3812 812 3905 μὲν
827 3815 935 3907 πρώτῳ
953 3812 1038 3906 μάχῃ
1057 3816 1175 3905 κρατύ-

144 4013 382 4080 1.Plin.Maj.11‚
400 4009 447 4063 τό.
657 4007 741 4060 hares
770 4016 937 4060 consecratos
958 4008 1048 4078 primo
1070 4006 1173 4063 edebat.

145 4109 167 4146 ε.
182 4093 249 4164 Ipsis
268 4091 339 4146 ludis
354 4110 422 4164 quos
437 4090 462 4144 ei
476 4091 610 4160 Augustus
700 4087 727 4140 3.
743 4087 820 4158 Virg.
832 4087 867 4140 G.
883 4106 909 4155 1,
926 4091 994 4152 466.
