3000 5025
305 512 376 579 DE
410 512 541 580 VITA
566 514 720 582 JULII
753 512 1008 583 CAESARIS.
1150 510 1202 609 69

133 659 162 713 et
182 652 290 737 operae
312 644 456 738 pretium
478 646 702 734 existimabat,
724 660 763 715 ut
780 648 958 733 Germani,
979 647 1036 741 qui
1056 646 1203 739 quotidie

35 734 37 835 f
132 752 163 819 in
180 748 304 821 Gallias
332 753 472 820 transire
500 752 562 821 sibi
582 753 860 823 consuetudinem
881 752 1046 841 fecerant,
1068 776 1203 822 suarum

133 872 216 925 metu
236 882 352 927 rerum
370 858 461 927 domi
480 862 750 948 continerentur3
773 860 831 928 ubi
851 858 1062 929 adverterent
1078 860 1203 929 exerei-

35 1020 37 1047 ,
132 978 196 1033 turn
213 965 332 1059 populi
355 968 485 1035 romani
502 991 599 1061 posse
615 983 649 1037 et
665 968 787 1035 audere
802 968 959 1037 Rhenum
977 980 1203 1037 transnatare:

132 1095 233 1165 neque
255 1096 389 1167 semper
407 1096 596 1143 assuescere
616 1075 791 1159 invadere3
813 1074 872 1143 sed
893 1073 1006 1143 invadi
1028 1075 1128 1141 etiam
1154 1075 1203 1141 in·

35 1216 36 1229 1
132 1178 276 1246 terdum:
295 1178 416 1248 deinde
430 1180 521 1274 quod
535 1206 612 1275 pars
633 1181 689 1250 illa
709 1182 889 1277 germanici
903 1181 1089 1275 equitatus,
1103 1204 1204 1273 quam

132 1284 298 1379 praedandi
321 1312 422 1356 causa
452 1301 544 1357 trans
575 1292 707 1358 Mosam
736 1292 890 1376 missam,
917 1288 1070 1383 proximo
1092 1286 1206 1380 praelio

132 1416 193 1459 uon
207 1392 399 1463 interfuisse
413 1397 687 1483 memoravimus,
704 1411 796 1465 trans
811 1395 986 1482 Rhenum,
1004 1394 1117 1464 audita
1134 1418 1206 1462 suo

132 1522 199 1566 rum
225 1498 338 1590 clade,
367 1500 588 1596 confugerat,
616 1526 715 1596 seque
741 1502 920 1571 Sicambris
948 1502 1163 1595 adjunxerat3
1185 1525 1205 1570 a

132 1606 245 1698 quibus
269 1608 384 1679 Caesar
405 1634 509 1704 quum
533 1634 594 1703 per
613 1611 748 1677 nuntios
770 1595 987 1702 postulasset,
1005 1624 1045 1676 ut
1073 1609 1207 1702 eosqui

35 1746 37 1767 =
132 1714 289 1782 Romanis
304 1715 454 1785 simulac
472 1713 576 1784 Gallis
591 1714 714 1784 bellum
728 1730 921 1802 moverent,
933 1716 994 1784 sibi
1009 1714 1203 1799 redderent;

133 1820 391 1915 responderunt,
406 1826 580 1921 rutpertum
588 1824 718 1921 populi
731 1827 871 1891 romani
882 1822 1001 1892 ereno
1020 1827 1205 1923 terminari.

108 1974 115 1995 f
132 1928 168 1997 Si
188 1931 384 2013 Germanos
404 1934 440 1997 in
463 1930 617 2001 Galliam
636 1934 783 1998 transire
801 1930 854 1997 ad
864 1928 1025 2021 injurtam
1038 1928 1204 2018 traheret,

132 2056 187 2101 cur
207 2040 323 2103 mrbus
347 2036 545 2129 infimorum
563 2036 717 2122 duceret,
735 2052 834 2105 trans
853 2036 965 2104 Rheni
979 2051 1091 2105 metas
1103 2040 1207 2133 impe

132 2144 211 2209 uum
230 2142 445 2211 extendere?
464 2144 668 2237 Quanquam
684 2142 868 2239 barbarica.
880 2144 943 2211 ista
962 2144 1134 2238 responsio
1152 2168 1207 2213 co·
1224 2212 1231 2219 ,Α

133 2244 205 2317 loris
228 2249 371 2317 fortasse
393 2249 536 2343 aliquid,
559 2250 616 2318 sed
639 2248 685 2318 nil
711 2252 843 2343 penitus
867 2250 1003 2319 rationis
1034 2250 1206 2343 habuerit3

133 2379 197 2423 non
220 2357 311 2425 enim
329 2370 422 2425 trans
444 2356 602 2425 Rhenum
620 2351 798 2451 imperium
819 2356 1012 2450 petebatur,
1030 2355 1088 2425 sed
1109 2372 1147 2425 ut
1161 2358 1208 2425 cis

133 2462 286 2531 Rhenum
302 2462 459 2556 injuriose
480 2477 573 2558 gesta
586 2464 806 2558 punirentur:
824 2463 888 2533 nisi
905 2461 992 2532 forte
1008 2464 1071 2533 sibi
1088 2462 1208 2532 barba·

134 2571 191 2638 ries
210 2569 359 2639 insolens
381 2571 581 2665 usurpabat,
603 2585 643 2638 ut
665 2570 724 2664 qui'
742 2569 786 2637 ad
805 2594 879 2638 eam
896 2569 1140 2662 confugissent,
1158 2573 1208 2638 in·

135 2675 301 2745 violabiles
322 2677 546 2764 haberentur,
570 2703 644 2771 quae
668 2676 764 2746 brevi
793 2700 862 2743 non
885 2675 987 2744 modo
1016 2675 1118 2762 alios,
1152 2675 1210 2745 sed
1293 2746 1297 2764 ,

136 2785 273 2878 seipsam
294 2781 420 2852 salvam
436 2782 545 2852 facere
561 2808 629 2851 non
648 2784 782 2876 potuit:
803 2783 925 2850 certius
946 2795 1034 2868 erat,
1052 2783 1209 2874 quoniam

136 2889 211 2959 Ubii
230 2889 292 2958 soli
311 2915 355 2957 ex
374 2890 638 2979 Transrhenanis
659 2891 891 2957 Romanorum
909 2889 944 2955 in
964 2888 1144 2956 amicitiam
1163 2913 1210 2957 re

137 2998 219 3090 cepti
242 2995 520 3088 affectuosissime
537 2995 778 3090 precabantur,
796 3009 835 3066 ut
853 2995 899 3062 eis
926 3018 1085 3065 romanus
1106 2997 1211 3090 impe·

137 3118 223 3172 rator
242 3102 404 3172 adversus
424 3104 568 3189 Suevos,
582 3116 640 3171 aut
655 3103 818 3189 mitteret,
837 3116 895 3170 aut
913 3101 1208 3171 ferretauxilium:

139 3233 210 3278 nam
232 3212 260 3278 si
280 3209 419 3278 forsitan
439 3208 619 3278 transferre
636 3233 705 3276 non
723 3223 853 3302 posset,
868 3207 1058 3303 reipublicae
1071 3211 1211 3302 negotiis

139 3331 342 3412 occupatus,
371 3317 448 3384 satis
477 3303 674 3408 abundeque
703 3313 777 3384 illis,
790 3340 862 3383 esse
885 3315 1027 3409 praesidii
1049 3316 1084 3384 in
1110 3314 1211 3383 solius

140 3425 297 3494 exercitus
324 3423 431 3510 fama,
463 3447 536 3515 quae
562 3437 640 3516 post
668 3421 838 3492 devictum
869 3422 1092 3509 Ariovistum,
1111 3436 1211 3515 atque

35 3517 37 3556 ²
141 3528 290 3598 ultimum
308 3529 375 3599 hoc
392 3527 542 3623 praelium
562 3527 772 3622 confectum,
792 3542 860 3595 tam
882 3525 947 3597 late
974 3553 1034 3622 per
1062 3541 1211 3596 extrema

144 3635 251 3708 Galliae
272 3635 396 3706 diffusa
415 3649 521 3722 esset,
542 3645 580 3704 ut
599 3635 661 3703 sub
677 3635 748 3728 ejus
770 3634 890 3706 untbra
905 3635 1050 3702 nominis
1069 3647 1161 3702 tutos
1177 3659 1212 3702 se

145 3763 207 3812 esse
221 3767 321 3838 posse
335 3741 559 3826 confiderent3
576 3743 714 3810 navium
726 3765 808 3810 vero
827 3741 870 3810 ad
891 3742 1067 3811 transitum
1085 3740 1213 3809 affatim

146 3848 199 3916 sibi
212 3875 284 3920 esse
301 3849 562 3922 nondubitaret.
585 3849 630 3916 Et
651 3851 763 3917 Caesar
783 3849 821 3916 iis
841 3846 974 3940 quidem
992 3846 1034 3914 de
1052 3849 1159 3916 causis
1173 3872 1236 3942 ac,

145 3952 276 4026 fortasse
299 3954 370 4034 aliis
390 3942 570 4032 transitum,
597 3955 803 4048 exoptabat:
827 3953 885 4023 sed
910 3953 1051 4022 transire
1071 3955 1213 4023 navibus

146 4084 245 4155 neque
272 4065 353 4131 satis
373 4047 509 4158 tutum,
525 4085 633 4155 neque
652 4059 705 4129 vel
730 4061 810 4149 sibi,
844 4058 897 4128 vel
919 4058 1045 4155 populo
1072 4085 1212 4130 romano
1264 4079 1267 4083 ’

147 4171 219 4243 satis·
235 4155 666 4263 honorificum'judicabat3
685 4169 899 4264 animumque
915 4167 991 4236 ideo
1009 4168 1052 4236 ad
1069 4182 1211 4242 structuae

985 4285 1026 4374 5³
