3000 5025
275 431 324 501 ao
492 431 521 497 J.
551 427 705 497 cunm
734 380 1129 495 conuenienti

273 561 367 633 illum
388 560 432 631 ad
460 586 494 631 se
512 560 609 653 jussit
630 582 707 627 cum
733 558 886 627 ducentis
909 556 1097 647 obsidibus,
1115 559 1151 625 in
1175 557 1296 652 quibus
1319 572 1357 629 et

274 668 362 737 filius
379 667 450 760 ejus
464 667 528 735 fuit
543 680 577 735 ct
598 666 778 760 propinqui
799 664 944 758 aliquot,
961 671 1062 758 quem
1083 667 1271 733 venientem
1286 665 1355 734 leni
1386 745 1393 758 ,

276 775 426 845 oratione
450 771 642 867 complexus
665 772 706 841 ad
729 795 876 840 romanae
895 772 1047 840 amicitia
1072 774 1358 866 perseverantiam

271 882 485 968 cohortatur,
498 889 603 973 quum
612 880 760 975 primum
773 888 860 984 esset
872 876 915 945 ad
924 878 1104 947 amicitiam
1117 878 1354 948 exhortandus.

275 989 491 1057 Trevirorum
517 1000 630 1055 tamen
655 984 858 1079 primoribus
884 985 1082 1053 nominatim
1103 986 1357 1079 Cingetorigem

274 1092 540 1181 commendavit,
560 1116 629 1161 non
649 1092 750 1161 modo
764 1092 842 1185 quia
854 1088 909 1158 ille
924 1093 966 1160 sit
980 1091 1138 1179 meritus,
1157 1091 1215 1160 sed
1229 1093 1306 1184 quia
1322 1104 1360 1159 et

277 1201 339 1270 sibi
357 1198 534 1293 expediens
552 1198 727 1268 videbatur
743 1199 887 1267 amicum
907 1221 1005 1267 suum
1022 1212 1056 1266 et
1073 1196 1189 1291 populi
1208 1197 1360 1285 romani,

276 1332 337 1377 sua
358 1308 393 1375 in
415 1307 522 1400 patria
543 1304 686 1375 multum
705 1328 823 1400 posse,
843 1305 1043 1398 optimisque
1065 1304 1220 1372 omnibus
1238 1328 1358 1371 carum

277 1438 356 1483 esse.
383 1414 565 1481 Enimvero
590 1413 846 1497 Induciomarus
872 1436 946 1480 eam
971 1436 1042 1479 rem
1064 1409 1141 1479 tulit
1165 1412 1359 1504 aegerrime,

275 1535 409 1589 tantum
423 1520 484 1588 sibi
500 1518 707 1613 populariter
720 1520 835 1612 gratiae
848 1518 937 1586 demi
951 1518 1113 1604 sentiens,
1126 1532 1289 1611 quantum
1303 1516 1361 1585 ad·

277 1627 425 1695 versario
439 1627 647 1715 accessisset,
668 1625 792 1719 quique
805 1621 918 1693 animo
932 1624 1086 1693 inimicus
1106 1637 1196 1711 erat,
1208 1624 1297 1692 hano
1312 1623 1360 1711 ob

277 1757 414 1802 causam
427 1731 534 1801 multo
547 1734 647 1803 etiam
660 1732 826 1801 inimicior
838 1731 945 1801 factus
959 1744 1018 1799 est.
1033 1733 1144 1799 Caesar
1156 1755 1199 1799 ex
1210 1731 1362 1799 Treviris

278 1837 428 1907 ad'illum
442 1864 542 1933 quem
556 1838 623 1907 dixi
636 1852 773 1933 portum
785 1839 894 1906 Icium
908 1838 1002 1941 venit
1019 1862 1097 1907 cum
1110 1838 1275 1905 exercitu:
1289 1835 1382 1905 illic⁶

279 1945 417 2015 classem
432 1960 537 2013 totam
550 1958 772 2040 praeparatam
784 1945 924 2038 reperit,
939 1957 1060 2038 praeter
1072 1944 1244 2037 sexaginta
1254 1966 1363 2011 naves
1481 1992 1483 2026 r

280 2072 356 2145 quae
368 2053 405 2120 ‘in
426 2050 548 2121 Meldis
577 2051 671 2121 factae
695 2061 808 2136 erant,
827 2074 976 2143 quasque
1000 2076 1021 2119 a
1044 2048 1180 2143 reliquis
1204 2047 1364 2143 procellae
1481 2106 1484 2118 ,

280 2159 382 2226 maris
390 2171 596 2245 averterant,
610 2171 711 2250 atque
725 2155 769 2224 ad
780 2155 891 2243 littus,
904 2156 995 2225 unde
1007 2155 1190 2243 solverant,
1203 2155 1364 2226 refecisse
1482 2209 1483 2226 t

280 2264 493 2333 ferebantur:
508 2262 625 2333 llorem
640 2288 775 2356 quoque
792 2265 895 2331 totius
912 2261 1023 2357 gallici
1037 2264 1202 2331 exercitus
1214 2262 1363 2357 invenit,

280 2384 424 2464 quatuor
438 2368 556 2437 millia:
572 2383 667 2437 erant
679 2394 795 2437 omnes
805 2369 875 2437 fere
884 2370 1053 2465 principes
1066 2367 1267 2455 Galliarum,
1280 2392 1366 2461 quo-
1481 2421 1484 2464 Ξ

281 2501 357 2546 rum
368 2489 500 2572 partem
517 2473 624 2563 illam,
638 2500 739 2571 quam
761 2475 824 2544 sibi
839 2474 941 2545 fidam
955 2477 1056 2545 rebus
1069 2490 1234 2565 senserat,
1252 2474 1365 2566 dimit·
1482 2534 1483 2545 ,

281 2597 352 2652 tere
366 2583 401 2650 in
419 2583 530 2650 animo
551 2582 719 2668 habebat,
740 2581 886 2678 reliquos
907 2607 1024 2653 omnes
1047 2607 1161 2651 secum
1181 2581 1256 2651 loco
1271 2581 1364 2651 obsi·
1482 2638 1483 2643 ,

248 2773 254 2785 ⁶
281 2688 362 2758 dum
384 2691 419 2757 in
444 2690 650 2776 Britanniam
677 2688 839 2781 trajicere.
870 2689 978 2782 Hujus
1000 2687 1127 2760 consilii
1149 2712 1250 2758 causa
1270 2703 1365 2776 erat,
1482 2773 1483 2778 ἵ

281 2797 439 2890 quoniam
460 2795 656 2882 verebatur,
674 2821 717 2864 ne
739 2797 796 2889 qui
809 2810 938 2883 motus,
952 2822 988 2865 se
1006 2797 1171 2890 digresso,
1188 2797 1222 2864 in
1243 2793 1365 2864 Galliis

282 2905 468 2989 orirentur;
488 2925 572 2995 quos
585 2904 762 2997 prasentia
781 2900 931 2971 fidelium
944 2916 978 2972 et
991 2903 1140 2972 absentia
1154 2899 1365 2996 perfidorum

281 3009 418 3102 reprimi
446 3032 543 3101 posse
571 3008 805 3078 arbitrabatur.
834 3011 918 3078 Erat
945 3010 1032 3078 inter
1059 3007 1142 3077 alios
1162 3001 1366 3103 {Dumnorix

283 3113 428 3201 AEduus,
448 3113 550 3184 frater
562 3116 728 3183 Divitiaci.
745 3118 845 3183 Hunc
866 3117 978 3184 Caesar
991 3129 1069 3184 ante
1081 3114 1163 3184 alios
1175 3139 1290 3185 secum
1304 3114 1367 3184 du·

284 3246 359 3290 cere
381 3221 584 3309 instituerat,
603 3221 696 3316 quod
709 3236 742 3290 et
756 3246 834 3290 eum
851 3245 981 3315 magnae
996 3221 1086 3315 apud
1104 3246 1181 3291 suos
1195 3222 1366 3316 opinionis

284 3352 354 3398 esse
376 3342 533 3414 noverat,
556 3342 589 3396 et
612 3330 645 3396 in
669 3330 841 3398 Romanos
862 3329 1013 3422 pessimae
1026 3326 1233 3415 ·voluntatis;
1253 3329 1302 3396 sic
1323 3342 1365 3396 ut

283 3433 468 3521 interdum,
482 3435 568 3503 sicut
580 3458 681 3527 supra
690 3434 849 3522 diximus,
862 3434 903 3503 de
917 3434 988 3527 ejus
1000 3434 1164 3529 supplicio
1173 3436 1362 3529 cogitasset

284 3539 337 3608 Ad
355 3540 426 3608 haec
444 3538 586 3608 illumin
602 3539 742 3609 concilio
762 3565 899 3610 suorum
910 3542 1052 3633 jactasse
1069 3542 1260 3628 constabat,
1276 3538 1365 3609 dela-

284 3659 356 3715 tum
371 3645 432 3714 sibi
450 3671 471 3714 a
487 3649 618 3716 Caesare
640 3648 756 3740 patriae
778 3672 845 3717 suae
867 3672 1026 3742 regnum,
1047 3672 1149 3742 quam
1170 3646 1364 3742 superbiam

285 3753 336 3822 sui
364 3753 452 3821 cives
482 3741 603 3846 iniquis
630 3752 736 3821 tulere
758 3755 896 3843 animis,
916 3754 975 3824 sed
1002 3756 1160 3848 potentiae
1183 3779 1249 3824 sua
1269 3768 1366 3822 metu

285 3860 380 3951 queri
402 3859 493 3952 apud
513 3861 679 3928 Caesarem
697 3883 766 3930 non
788 3860 964 3930 audebant
986 3862 1048 3930 His
1068 3885 1111 3931 ex
1132 3863 1240 3930 causis
1260 3861 1368 3928 instav

234 3990 236 3995 ·
286 3962 387 4033 bilem
409 3967 519 4034 virum
541 3980 575 4034 et
596 3982 715 4035 natura
733 3971 830 4038 novis
852 3993 983 4064 semper
1003 3967 1104 4036 rebus
1124 3969 1307 4054 intentum,
1329 3981 1367 4034 et

286 4070 415 4142 hostilis
436 4073 555 4161 animi,
576 4088 652 4167 post
676 4099 711 4146 se
734 4074 903 4148 dimittere
924 4073 1103 4168 expediens
1124 4075 1261 4145 minime
1279 4071 1367 4168 judi-
