3000 5025
284 496 355 565 nu
383 495 513 565 vara
539 478 685 563 suun
720 494 965 564 erasurus.
1093 518 1163 591 107

33 670 34 717 q
97 624 225 700 Basilum
241 653 322 697 cum
334 612 407 698 toto
424 628 542 722 praeire
548 626 645 721 jubet
659 628 826 721 equitatu,
840 642 874 698 et
885 652 1004 698 cavere
1016 652 1060 697 ne
1074 629 1169 723 ignes

33 756 34 789 l
96 736 124 803 iu
141 737 254 805 castris
269 735 344 805 lieri
355 738 460 822 sinat,
478 733 625 829 nequod
640 733 797 804 indicium
812 736 973 806 suidetur
989 736 1169 824 adventus,

96 866 149 911 neu
168 844 328 939 strepitus
342 856 401 911 aut
420 839 582 911 tumultus
601 841 826 912 incedentium
846 843 1018 932 audiatur,
1032 846 1059 913 si
1081 842 1169 913 forte

96 946 258 1019 velocitate
272 949 329 1019 vel
345 948 477 1019 silentio
489 948 669 1044 proliceret
687 948 730 1018 ad
742 950 984 1045 iniquissimum
996 947 1168 1021 hominem

96 1056 345 1150 opprimendum
357 1082 364 1126 :
377 1055 468 1151 quod
479 1079 566 1151 pene
578 1058 745 1127 successit.
757 1059 848 1127 Nam
859 1057 987 1130 Basilus
1005 1082 1169 1155 propere,

96 1186 249 1257 supraque
269 1165 422 1233 omnium
433 1164 641 1259 opinionem,
653 1162 792 1259 longum
810 1167 873 1236 iter
887 1169 1036 1261 peragit,
1050 1190 1170 1261 quum·

95 1294 149 1363 que
167 1270 300 1342 indiciis
323 1272 558 1366 comperisset,
578 1270 670 1340 haud
691 1270 810 1367 procul
831 1273 1061 1369 Ambiorigem
1083 1274 1170 1343 iuter

96 1374 196 1465 silvas,
212 1378 414 1449 comitatum
432 1378 639 1473 paucissimis
660 1380 842 1473 equitibus,
854 1406 889 1450 se
908 1394 1037 1468 tenere,
1049 1383 1171 1474 impro-

97 1483 173 1552 u'sus
192 1509 232 1555 ac
257 1484 371 1554 subito
395 1486 570 1580 pervenit;
590 1486 636 1552 ita
657 1498 696 1553 ut
717 1511 856 1574 currus,
877 1512 1000 1581 equos,
1021 1502 1056 1557 et
1077 1509 1172 1555 arma

98 1587 172 1682 ejus,
194 1606 238 1661 ct
263 1615 366 1660 omne
393 1589 550 1661 bellicum
577 1592 837 1661 instrumentum
865 1595 995 1663 romani
1024 1594 1173 1687 equites,

97 1711 267 1792 antequam
289 1697 332 1765 ab
355 1721 395 1766 eo
417 1696 631 1784 viderentur,
649 1698 845 1793 arriperent.
866 1702 921 1768 De
938 1724 1007 1795 quo
1028 1701 1102 1794 ipso
1117 1722 1174 1767 ac·

98 1814 158 1873 tum
176 1820 272 1893 erat,
293 1804 356 1873 nisi
377 1802 512 1898 quidam
530 1828 549 1873 e
567 1804 634 1873 suis
653 1802 717 1873 loci
739 1807 908 1899 angustias
930 1806 1173 1893 defendissent,

98 1923 129 1977 ut
147 1912 215 2006 ipse
238 1913 392 1998 interim,
405 1912 505 1980 unius
526 1934 644 1979 manus
664 1911 816 1999 inermis,
831 1938 918 2007 equo
932 1914 1123 2009 impositus,
1140 1924 1175 1981 et

99 2020 216 2110 postico
238 2024 426 2087 nemorose
448 2016 568 2087 domus
586 2019 744 2106 emissus,
761 2044 824 2114 per
844 2020 1005 2093 silvarum
1024 2019 1120 2088 devia
1140 2030 1176 2088 et

100 2122 187 2195 calles
198 2124 334 2195 abditos
347 2126 518 2220 erupisset.
532 2125 587 2194 Sic
600 2138 778 2220 utramque
790 2128 823 2195 in
833 2142 963 2221 partem
978 2152 1057 2221 erga
1068 2150 1175 2195 unum
1257 2215 1263 2224 .

100 2228 282 2322 hominem,
304 2256 374 2301 una
394 2226 496 2319 bora,
515 2232 584 2299 vim
606 2256 700 2301 suam
723 2236 871 2303 exercuit
892 2234 1048 2323 fortuna,
1069 2244 1106 2302 ut
1125 2234 1175 2301 in·

33 2328 34 2411 ζ
102 2353 208 2410 cautus
227 2341 495 2436 opprimeretur,
514 2362 695 2433 oppressus
718 2339 884 2410 evaderet.
910 2344 984 2413 Nec
1007 2343 1085 2412 satis
1107 2339 1176 2410 scio
1216 2362 1220 2369 ’

33 2519 34 2524 ,
103 2447 163 2539 quis
184 2448 381 2518 nocentium
402 2468 551 2543 unquam
565 2459 635 2515 tam
653 2444 810 2542 indignus
827 2450 986 2538 evaserit3
1006 2450 1069 2519 nisi
1085 2445 1177 2542 quod

103 2553 245 2650 supplicii
260 2577 366 2650 genus
379 2553 443 2623 fuit
460 2555 579 2622 vicinae
593 2555 710 2623 mortis
724 2569 851 2644 metus,
868 2557 941 2651 qui,
955 2569 994 2624 ut
1007 2555 1090 2625 mihi
1102 2555 1176 2648 q'ui·

103 2657 170 2730 dem
191 2662 346 2747 videtur,
368 2662 441 2756 ipsa
464 2660 560 2755 pejor
584 2674 635 2730 est
663 2675 782 2729 morte.
805 2663 851 2730 Et
873 2662 953 2755 quid
975 2664 1116 2747 scimus,
1134 2684 1178 2728 an

105 2766 157 2837 sibi
174 2769 291 2840 fuisset
308 2765 422 2837 utilius
440 2766 503 2855 ad,
523 2768 599 2836 irati
618 2763 712 2851 licet,
731 2767 871 2837 Caesaris
888 2781 1089 2863 potestatem
1107 2791 1179 2861 per·

105 2873 246 2946 venirel
263 2899 343 2944 narn
368 2883 408 2943 ut
438 2887 510 2944 erat
539 2873 744 2944 inexhaustae
771 2872 978 2960 clementiae,
1005 2872 1179 2944 confitenti
1237 2885 1244 2890 '

106 2986 223 3053 crimen
242 2997 275 3053 et
295 2983 422 3070 oranti,
444 2981 584 3051 forsitan
597 2981 729 3049 veniam
744 3005 812 3049 uon
825 2994 987 3077 negasset.
1003 2981 1105 3051 Nunc
1118 3005 1180 3075 per

106 3091 194 3162 silvas
205 3089 481 3160 Transrhenanas
493 3111 599 3183 vagus
614 3111 747 3182 semper
759 3100 799 3157 ac
813 3088 997 3184 profugus,
1010 3088 1183 3189 perpetuis

107 3200 200 3268 vitam
221 3196 289 3293 egit
311 3199 346 3266 in
364 3193 521 3284 latebris,
544 3196 747 3265 couscientia
766 3194 877 3284 illum,
900 3197 927 3264 si
948 3209 1123 3290 quaerat,
1146 3207 1181 3262 et

107 3303 169 3401 jugi
188 3329 315 3401 pavore
337 3302 568 3399 plectentibus.
594 3298 683 3370 Illud
707 3301 808 3397 plane
831 3302 1004 3390 odiosum,
1025 3299 1117 3396 quod
1138 3300 1181 3369 de

108 3435 179 3508 rege
191 3412 320 3482 nelalrio
340 3409 432 3480 nulla
450 3431 598 3505 unquam
614 3422 673 3478 aut
686 3411 811 3478 Caesari
825 3423 883 3479 aut
898 3407 1025 3505 populo
1040 3430 1181 3476 romano

109 3519 255 3591 uindictae
269 3518 402 3589 occasio
418 3517 496 3587 data
510 3531 569 3586 est.
580 3518 625 3585 Et
635 3517 706 3612 ipse
717 3515 865 3604 latitans,
877 3530 977 3611 atque
989 3516 1132 3601 invisus,
1148 3527 1182 3582 et

112 3625 244 3697 inultum
261 3624 372 3697 scelus
386 3625 422 3694 in
438 3623 540 3694 linem
559 3622 629 3693 luit.
649 3625 819 3693 Caeterum
837 3648 904 3718 quo
923 3621 977 3692 die
992 3646 1010 3690 e
1028 3619 1182 3690 manib'us

114 3731 334 3804 Romanorum
345 3734 400 3801 vix
412 3733 531 3822 evasit,
541 3743 580 3800 ut
594 3730 751 3816 diximus,
763 3731 832 3799 vita
845 3743 975 3800 retenta
989 3739 1185 3816 contentus,

115 3863 164 3935 spe
177 3843 345 3937 projecta,
361 3841 444 3925 suis,
462 3841 546 3934 quos
564 3862 584 3908 a
603 3852 698 3932 tergo
717 3837 877 3933 liquerat,
894 3846 956 3934 'per
975 3836 1109 3904 nuntios
1130 3832 1184 3904 fua

114 3949 195 4042 gieus
215 3946 406 4036 mandavit,
426 3960 483 4034 ut,
500 3968 567 4040 qua
590 3959 719 4040 posset,
738 3945 799 4015 sibi
822 3944 961 4040 quisque
983 3941 1183 4022 consuleret,

113 4054 172 4144 Qui
189 4061 250 4152 per
272 4054 403 4123 diversa
425 4052 541 4139 effusi,
556 4051 767 4146 multumque
786 4053 915 4139 vexati,
930 4073 1008 4145 pars
1031 4075 1067 4120 se
1088 4046 1182 4147 palu*

112 4159 199 4234 (libus
222 4159 462 4250 condiderunt,
476 4183 555 4256 pars
574 4161 608 4229 in
627 4157 751 4231 alienas
772 4180 908 4249 manus,
930 4183 998 4230 uon
1021 4158 1091 4229 sine
1116 4158 1186 4235 suis
