3000 5025
279 520 349 567 102
491 496 519 565 J.
549 468 704 565 onesi
734 492 1135 563 cennensium

274 628 357 699 nihil
376 630 515 725 egisset,
533 630 568 699 in
585 629 725 698 hiberna
746 629 934 697 revertitur.
954 628 1038 697 Inde
1053 629 1141 697 veris
1154 628 1263 716 initio,
1280 628 1358 699 Gal·

273 730 325 807 liae
340 736 517 808 concilium
530 736 662 806 indicat.
673 738 915 805 Cenvenerunt
928 760 1060 824 omnes,
1069 750 1190 833 praeter
1199 736 1359 805 Treviros

274 846 308 913 et
327 844 483 915 ¹Senones
504 858 539 913 et
560 844 737 913 Carnutes
759 846 890 912 Horum
914 841 969 912 ille
996 846 1239 913 contumaciam
1262 843 1359 939 quasi

274 952 454 1046 quamdam
477 941 555 1020 belli
572 949 707 1019 arrhaln
725 952 909 1045 accipiens,
929 975 972 1019 ne
993 953 1080 1021 hanc
1099 976 1171 1021 rem
1188 950 1359 1069 negligere

273 1058 463 1147 videretur,
485 1057 664 1129 concilium
687 1058 729 1126 ad
755 1054 923 1127 Lutetiam
943 1060 1146 1129 Parisiorum
1170 1084 1286 1129 rursus
1307 1059 1358 1127 in·

275 1164 364 1235 dicit.
381 1166 425 1233 Hi
440 1112 628 1235 Senonibus
649 1166 794 1261 proximi
813 1179 900 1234 sunt.
924 1166 1033 1235 Inde
1023 1168 1125 1262 igitur
1138 1164 1333 1263 profectus
1324 1190 1360 1233 m

275 1268 440 1362 Senones,
464 1257 535 1343 tani
556 1287 713 1370 repente,
731 1287 771 1341 ut
794 1297 857 1340 nec
879 1270 966 1367 sugae
986 1272 1049 1344 illis
1071 1281 1134 1346 nec
1157 1273 1361 1343 defensionis

276 1382 409 1474 copiam
430 1380 525 1449 daret
532 1381 794 1476 ,resipiscentes
815 1394 849 1448 et
870 1401 931 1474 per
949 1376 1076 1477 legatos
1093 1384 1226 1452 veniam
1249 1394 1362 1475 postu·

275 1483 400 1575 lantes,
417 1434 604 1558 AEduoium
627 1485 782 1585 precibus
798 1482 930 1576 motus,
946 1488 1098 1578 admisit,
1120 1504 1255 1564 eentum
1273 1486 1361 1556 datis

277 1590 469 1684 obsidibus,
492 1620 576 1691 quos
598 1590 780 1666 sertandos
803 1594 919 1664 AEduis
940 1595 1040 1666 dedit.
1061 1592 1173 1667 Secuti
1192 1598 1361 1685 Carnutes
1445 1585 1455 1602 i

276 1698 454 1772 deditionis
475 1701 684 1822 exemplum,
702 1706 736 1772 et
754 1700 885 1772 obsides
902 1704 1083 1792 miserunt,
1099 1718 1133 1773 et
1149 1703 1361 1773 Rhemorum
1481 1707 1484 1732 ³

276 1807 433 1901 precibus
451 1811 584 1879 veniam
600 1824 805 1879 meruerunt
826 1807 906 1877 Sic
898 1835 932 1877 m
947 1812 1065 1880 animis
1083 1826 1164 1881 tunc
1182 1808 1361 1881 Gallorum

277 1914 393 1983 odium
416 1928 590 2011 metusque
614 1918 808 2004 certabant,
829 1930 868 1984 ut
888 1918 999 2011 primo
1020 1936 1139 2013 pacem
1161 1940 1295 1988 servare
1316 1917 1364 1983 in·
1480 1923 1484 1963 ³

278 2021 457 2114 cipientes,
479 2023 627 2092 secundo
649 2012 774 2091 bellum
795 2046 911 2116 gerere
933 2026 1030 2095 veriti
1037 2024 1237 2121 ,perpetuis
1261 2038 1363 2118 atque
1481 2014 1484 2072 ἶ

277 2127 413 2199 incertis
426 2128 572 2199 motibus
582 2130 793 2199 fluctuarent
809 2130 870 2197 His
883 2122 1218 2219 incidenterexactis,
1230 2130 1291 2208 ad'
1287 2156 1364 2201 con·
1480 2143 1483 2156 ’

279 2231 391 2305 cilium
414 2241 527 2308 Caesar
555 2235 661 2325 redit,
683 2228 717 2305 et
738 2232 907 2306 foederatis
929 2236 1118 2309 civitatibus
1139 2240 1290 2334 equitatu
1311 2240 1363 2306 in·
1480 2249 1483 2257 '

279 2338 392 2433 dicto,
414 2359 447 2414 et
474 2358 569 2439 parte
592 2342 873 2441 Galliae-pacata,
894 2359 966 2415 toto
987 2348 1100 2416 animo
1121 2370 1304 2417 conversus
1328 2347 1365 2415 in
1480 2358 1484 2397 ³

278 2448 434 2521 Treviros
455 2444 687 2546 perfidumque
705 2448 954 2546 Ambiorigem,
970 2478 1012 2524 eo
1030 2448 1197 2549 proficisci
1210 2453 1364 2524 instituit.

278 2555 325 2622 Et
346 2582 424 2628 cum
444 2551 614 2628 Senonum
630 2559 815 2653 equitibus,
836 2561 1041 2630 Cavarinum
1063 2586 1176 2656 regem
1192 2561 1300 2656 gentis
1318 2587 1366 2632 se
1480 2576 1484 2619 ῑ

280 2689 358 2732 cum
380 2663 493 2752 duxit,
511 2677 553 2734 n'e
576 2667 602 2734 si
623 2660 700 2734 eum
718 2665 815 2734 domi
836 2665 1056 2762 relinqueret,
1077 2664 1131 2738 rel
1153 2693 1194 2738 ex
1215 2667 1293 2737 odio
1308 2693 1366 2762 po
1480 2684 1484 2749 ξ

279 2771 351 2866 puli
370 2773 404 2841 in
423 2769 519 2859 eum,
537 2769 590 2841 vel
609 2767 650 2840 e'x
670 2773 719 2840 ira
737 2773 808 2865 ejus
829 2774 863 2840 in
886 2773 1069 2869 populum,
1090 2773 1207 2870 aliquis
1226 2774 1366 2860 inurbe
1481 2790 1484 2833 ἴ

279 2893 391 2947 motus
413 2881 566 2948 oriretur.
585 2881 692 2950 Erant
713 2897 793 2948 sane
808 2881 958 2981 Menapii
979 2879 1128 2951 confines
1145 2881 1366 2972 Eburonum,

280 2985 482 3080 Ambiorigis
493 2985 658 3081 hospnes
673 2987 770 3055 anlici
781 2987 882 3056 'etiam
897 2990 1156 3057 Germanorum.
1167 2989 1368 3059 CaesarAm-

281 3091 443 3185 biorigem
468 3101 502 3160 s'e
524 3085 638 3187 praelio
664 3085 873 3163 committere
899 3119 969 3164 non
997 3106 1158 3165 ausurum
1178 3122 1242 3191 pro
1271 3115 1366 3165 com·

281 3213 379 3294 perto
401 3192 546 3284 liabens,
567 3198 630 3269 hos
649 3197 823 3268 auxiliares
841 3202 904 3270 sibi
925 3197 1105 3321 praeripere
1126 3201 1283 3272 censebat
1299 3205 1365 3272 uti·

281 3303 361 3400 lius,
378 3313 478 3424 quain
494 3307 604 3400 ipsum
618 3303 712 3374 illum
725 3306 814 3375 bello
827 3307 1010 3404 aggredi3
993 3332 1036 3376 ne
1050 3311 1100 3378 sic
1110 3334 1187 3378 eum
1202 3311 1237 3378 in
1248 3306 1367 3404 fugam

283 3427 383 3506 atque
408 3413 442 3480 in
464 3410 607 3482 latebras
634 3423 787 3507 cogeret,
809 3415 900 3509 quod
928 3414 1073 3484 nolebat
1101 3417 1272 3486 Dudhus
1262 3419 1368 3511 igitur

282 3516 489 3613 legionibus,
512 3531 591 3589 curn
617 3520 772 3588 'omnibus
797 3521 1044 3616 impedimentis
1070 3521 1236 3593 exercitus
1256 3525 1368 3595 missis

284 3624 327 3694 ad
341 3626 545 3715 Labienum,
558 3621 776 3695 Trevirorum
790 3641 871 3696 tunc
885 3626 919 3698 in
936 3625 1059 3698 finibus
1068 3655 1078 3719 ·,
1088 3645 1128 3700 ut
1140 3629 1299 3718 diximus,
1314 3631 1367 3702 hi-

283 3731 499 3822 bernantem,
519 3735 591 3830 ipse
615 3759 693 3803 cum
715 3725 874 3829 reliquis(
887 3732 984 3806 erant
1007 3750 1119 3806 autem
1138 3739 1286 3834 quinque
1307 3764 1365 3806 er·

284 3839 495 3940 peditissimae
517 3832 686 3934 legiones)
700 3841 734 3911 in
756 3839 932 3940 Menapios
950 3845 1061 3940 pergit
1073 3869 1081 3912 ι
1095 3859 1196 3939 atque
1216 3843 1280 3913 illis
1301 3867 1365 3940 pu·
1444 3936 1448 3942 Ι

286 3970 387 4041 gnam
402 3947 663 4017 detrectantibus
673 4003 683 4038 ,
695 3945 856 4019 ‘silvarum
874 3947 1026 4021 obicibus
1040 3975 1079 4022 ac
1094 3949 1273 4047 paludum,
1291 3951 1364 4021 oni-

285 4053 342 4122 nia
370 4047 568 4151 populatus,
588 4055 670 4158 nibil
699 4051 790 4127 ferro
819 4050 1027 4154 flammisque
1056 4055 1153 4155 liquit
1181 4060 1366 4149 intactum,

287 4159 414 4250 donec,
432 4160 520 4231 malo
543 4164 670 4252 eoacti,
685 4163 770 4236 datis
791 4163 979 4254 obsidibus,
997 4189 1115 4262 pacem
1136 4165 1292 4262 precibus
1307 4167 1366 4235 im·
