3000 5025
302 475 373 543 DE
401 473 527 573 tlte
553 474 699 543 lULII
728 476 975 546 CAESARIS.
1129 506 1178 577 79

125 608 151 677 in
168 607 269 675 ammo
291 606 473 691 habuerat,
487 604 530 675 ad
547 602 709 676 Illiricum
726 609 891 701 perrexit,
912 606 972 677 ubi
989 616 1182 705 compositis

123 713 321 808 quarumdam
337 712 484 785 motibus
500 713 692 801 civitatum,
707 738 814 808 parvo
830 718 991 810 temporis
1008 716 1103 812 lapsu
1116 746 1184 788 ma·

107 812 111 825 '
124 846 209 914 gnum
221 821 281 889 viae
292 821 438 913 spatium
452 842 622 906 emensus,
634 844 695 913 per
706 820 838 890 Italiam
849 824 885 891 in
896 822 1089 893 ulteriorem
1102 826 1183 895 Gal·

121 925 183 995 liam
191 927 231 997 ad
240 928 424 999 exercitum
431 926 539 999 rediit.
547 925 587 995 Id
599 916 689 1037 ‘lmd
699 927 874 997 discedens
882 929 1036 1021 jusserat,
1043 931 1182 1002 classem

120 1034 243 1129 amplius
252 1058 355 1127 quam
365 1046 596 1105 sexcentarum
603 1035 740 1103 uavirun
750 1037 879 1105 invenit
887 1038 1084 1107 instructam
1095 1066 1102 1107 :
1115 1040 1182 1109 col·

119 1139 234 1211 laudata
255 1139 399 1209 militum
420 1139 583 1211 industria
598 1154 631 1208 et
649 1141 826 1235 operibus,
844 1143 1080 1237 prefectorum
1099 1146 1184 1233 fide,

119 1246 240 1317 classem
258 1249 368 1342 ipsam
390 1246 432 1319 ad
458 1261 616 1341 portum,
638 1249 746 1317 Icium
768 1264 849 1320 tunc
871 1252 1025 1339 nomine,
1047 1255 1185 1350 triginta

119 1368 232 1431 tantum
253 1378 413 1448 passuum
431 1353 576 1423 millibus
593 1354 635 1422 ab
658 1355 765 1425 insula
786 1370 971 1445 semotum,
990 1383 1058 1452 quo
1073 1359 1185 1429 nullus
1258 1407 1261 1413 ,

119 1476 159 1529 est
177 1462 303 1555 aptior,
322 1459 442 1533 deduci
459 1462 609 1555 imperat.
633 1463 710 1556 Ipse
727 1478 841 1533 autem
863 1478 961 1533 antea
978 1466 1013 1532 in
1027 1468 1185 1535 Treviros

120 1567 269 1660 proficisci
289 1568 424 1654 statuit,
445 1568 536 1661 quod
554 1592 611 1637 eos
626 1593 688 1637 nee
702 1570 845 1640 concilia
858 1572 1071 1664 frequentare
1089 1587 1186 1641 nota·

121 1690 215 1762 verat,
229 1699 292 1743 nec
308 1676 448 1768 imperia
464 1676 626 1769 excipere.
642 1675 695 1745 Ad
712 1676 785 1747 htec
803 1681 991 1747 Germanos
1003 1678 1047 1745 ab
1061 1679 1107 1747 eis
1121 1678 1185 1747 sol·

120 1780 223 1849 licitari
251 1782 341 1855 fama
363 1794 456 1868 erat,
476 1808 580 1875 quum
600 1806 640 1850 ea
661 1782 779 1854 civitas
799 1784 953 1878 proxima
974 1784 1096 1852 Rheno
1116 1800 1187 1873 est,

120 1890 254 1957 omnium
270 1903 382 1960 tamen
398 1886 722 1995 Galliaeoivitatum,
741 1893 892 1986 equitatu
906 1893 1111 1985 presertim,
1126 1918 1188 1987 po·

121 1997 296 2075 tentissime.
315 1998 422 2066 Erant
443 1998 480 2067 iu
496 2021 535 2065 ea
557 1996 661 2084 urbe,
677 2011 716 2065 ut
729 1998 870 2087 assolet,
892 1997 961 2066 duo
980 1997 1022 2065 de
1039 2001 1190 2093 potentia

121 2116 148 2169 et
158 2104 326 2195 prioritate
337 2116 521 2173 certantes:
537 2102 660 2171 honam
674 2106 812 2173 nomina
823 2118 920 2174 erant
932 2104 1190 2173 lnduciomarus

122 2222 148 2275 et
159 2210 357 2303 Cingetorix.
373 2210 504 2279 Primus
523 2208 637 2279 audito
655 2214 786 2280 romani
807 2212 901 2281 ducis
919 2211 1084 2298 adventu,
1096 2214 1190 2305 equi·

122 2328 196 2403 tum,
208 2316 379 2410 peditum,
393 2340 496 2410 quam
507 2317 668 2385 maximas
688 2333 799 2410 potest
813 2320 945 2413 copias,
963 2332 1063 2410 atque
1077 2320 1191 2386 omnia

120 2420 194 2491 bello
216 2436 295 2518 apte
316 2448 448 2491 summo
463 2422 572 2491 studio
595 2423 754 2516 parabat3
767 2423 929 2518 reliquam
943 2423 1096 2513 turbam,
1110 2450 1191 2493 sexu

123 2529 164 2596 vel
189 2545 287 2605 etate
313 2528 465 2624 lregilem
491 2532 579 2598 intra
604 2530 799 2600 Arduenam
821 2532 940 2601 silvam
961 2531 1190 2600 densissimam
1261 2572 1264 2577 >

122 2650 206 2730 atque
227 2640 398 2731 ingentem
421 2661 499 2706 cum
520 2637 621 2706 rebus
642 2637 853 2732 fortunisque
874 2639 1025 2706 omnium
1047 2637 1192 2726 obdidit,

122 2757 153 2810 ut
168 2746 253 2816 curis
272 2741 343 2817 aliis
364 2742 568 2838 expeditior,
587 2742 676 2812 bello
696 2767 835 2838 operam
856 2743 961 2816 daret.
980 2741 1075 2811 Alter
1091 2769 1192 2832 vero,

123 2852 299 2938 contrario,
318 2865 356 2920 ut
377 2852 412 2918 in
438 2849 558 2919 talibus
582 2849 655 2918 fleri
676 2849 964 2940 amat,·oonsilio‚
985 2849 1097 2918 statim
1119 2852 1192 2919 Cte-

122 2961 178 3027 tari
196 2959 279 3032 fines
302 2957 501 3051 ingredienti
522 2981 592 3026 sese
614 2956 752 3025 obvium
767 2973 802 3027 et
818 2957 980 3051 obsequio
998 2971 1193 3051 promptum

122 3063 205 3136 tulit:
224 3089 325 3160 quem
340 3089 444 3158 quum
459 3062 556 3132 multi
573 3078 607 3132 et
628 3065 732 3158 ipsius
749 3089 881 3153 amore,
899 3079 972 3132 erat
989 3065 1194 3132 enimeamrs

123 3172 255 3266 populo,
268 3187 305 3242 et
322 3172 452 3241 romani
468 3173 632 3240 exereitus
646 3173 767 3240 timore
782 3185 1019 3267 sequerentur,
1036 3172 1196 3265 cognorit

123 3277 369 3351 ludueiomarus
392 3303 426 3346 se
451 3277 604 3350 delusum
625 3293 659 3346 et
679 3279 722 3346 ab
741 3281 899 3348 omnibus
919 3277 1016 3347 facile
1037 3302 1073 3345 se
1097 3301 1195 3371 posse

124 3382 254 3458 destitui.
274 3387 356 3457 Non
374 3387 486 3454 animo
505 3409 604 3479 ergo,
623 3385 680 3453 sed
701 3385 842 3454 consilio
858 3400 1007 3466 mutato,
1028 3407 1100 3452 sese
1122 3387 1195 3453 Cae-

35 3523 37 3544 ³
85 3570 87 3578 y
125 3495 179 3564 sati
196 3517 256 3588 per
273 3495 410 3564 nimbos
424 3494 612 3580 excusavit,
629 3492 721 3586 quod
738 3492 782 3561 ed
798 3517 876 3561 cum
894 3491 938 3559 ab
953 3493 1046 3560 initio
1059 3515 1129 3557 non
1143 3515 1197 3558 ve·

126 3599 231 3689 uisset,
251 3625 295 3672 ne
310 3599 515 3694 principibus
536 3598 633 3668 simul
651 3598 824 3694 digressis,
841 3598 935 3694 plebs
957 3623 1018 3693 per
1032 3598 1195 3665 inscitiam

127 3701 185 3774 salli
203 3722 333 3802 posset,
348 3722 382 3776 et
403 3733 424 3778 a
445 3731 583 3775 romana
600 3706 666 3775 fide
687 3708 799 3800 pravis
820 3707 961 3775 fortasse
977 3702 1122 3773 consiliis
1135 3705 1195 3770 im·

130 3811 212 3902 pulte
226 3813 405 3892 duoedere
426 3817 594 3888 Ceterum
608 3837 643 3882 se
655 3827 691 3907 et
703 3814 872 3883 civitatem
890 3815 997 3908 ipsam
1010 3813 1045 3879 in
1059 3809 1197 3879 arbitrio

131 3939 183 3987 suo
194 3947 282 4011 esse,
295 3947 397 4015 seque
411 3921 454 3990 ad
468 3945 560 4010 eum,
570 3922 597 3990 si
610 3923 820 4016 praeceperit,
833 3922 951 3988 venire
963 3942 1072 4013 prono
1086 3919 1198 3986 animo

131 4043 281 4116 paratum.
306 4031 439 4116 Cesar,
456 4051 646 4123 qtranquam
668 4051 737 4095 non
757 4029 892 4121 igneam
915 4025 1005 4094 unde
1022 4024 1200 4119 benedicto

46 4173 49 4182 ·
131 4136 359 4224 procederent,
374 4161 420 4206 ne
439 4151 555 4208 tamen
568 4150 701 4229 tempus
714 4136 750 4202 in
767 4132 911 4206 Treviris
930 4146 1071 4220 tereret,
1083 4132 1198 4203 venire
