3000 5025
306 530 608 603 INTERPRES
634 532 867 602 GRAECUS.
898 533 994 602 LIB.
1022 535 1088 603 IV.
1145 538 1216 620 421

142 665 242 757 φέρειν
257 656 385 756 ἤρξατο.
403 664 484 739 Τότε
495 656 530 733 δὲ
546 665 575 731 οἰ
586 649 741 757 Ρωμαῖοι,
757 668 798 757 μὴ
815 676 946 733 τοσοῦτο
959 657 1073 745 ὄνειδος
1086 664 1223 754 λάθοιεν,

141 774 266 847 ἑαυτοῖς
280 769 598 865 παρακελευσάμενοι,
612 770 725 850 πάντες
736 768 803 862 ἀμα
810 772 851 850 εἰς
864 776 902 840 τὸ
916 763 999 866 ὕδωρ
1018 757 1221 851 ἰξεπήδησαν·

141 874 195 943 καὶ
224 878 355 955 τούτους
383 876 412 943 οἱ
435 880 469 946 ἐκ
492 886 553 949 τῶν
573 880 663 973 ἐγγὺς
682 888 755 945 νεῶν
775 882 1043 965 κατανοήσαντες,
1064 881 1115 949 καὶ
1134 882 1223 949 αὐτοὶ

141 974 356 1066 ἐξεπήδησαν,
369 982 421 1054 καὶ
439 985 492 1049 σὺν
512 991 577 1062 τοῖς
595 982 701 1063 ἀλλοις
717 992 782 1063 τοῖς
797 983 953 1076 πολεμίοις
967 987 1166 1059 ε’πλησίοισαν.

194 1090 330 1163 XXVI.
354 1075 499 1158 Ενταῦθα
519 1082 562 1167 δή
587 1092 800 1185 ἀμφοτέρωθεν
828 1090 964 1185 κρατεράι
980 1091 1069 1185 ’μάχη
1088 1078 1222 1188 ἐγένετο.

142 1196 185 1262 Οἱ
207 1197 331 1289 μέντοι
350 1180 507 1289 Ρωμαῖοι,
525 1198 580 1265 ἀτε
600 1189 639 1271 δή
660 1200 689 1265 ἐν
709 1207 756 1285 τῷ
775 1190 868 1265 ὕδατι
887 1203 1001 1291 ςερρῦις
1020 1200 1136 1291 μένειν,
1151 1201 1223 1267 οὔτε

140 1300 200 1379 τὰς
222 1295 324 1379 τάξεις
343 1292 582 1393 διαφυλάττειν,
596 1306 668 1371 οὔτε
684 1302 726 1373 τὰ
741 1315 824 1396 σφῶν
843 1308 954 1383 ἕκαςος
964 1312 1085 1397 σημεῖα
1099 1306 1224 1381 ἔπεσθαι

140 1410 184 1501 μὴ
208 1400 488 1492 δυνηθέντες,ἀλλ’
502 1404 594 1487 ἀλλος
610 1406 705 1505 άλλη,
719 1418 759 1493 ὡς
772 1413 877 1503 ἔτυχεν
887 1415 1017 1494 έκαςος,
1027 1404 1223 1497 ἐκπηδήσας,

140 1517 221 1608 πρὸς
241 1516 333 1582 ἀτινα
350 1516 488 1608 πρότερα
505 1507 568 1583 ἴδοι
586 1524 700 1609 σημεῖα
716 1518 929 1602 συνελθόντες,
944 1518 1073 1611 ἰσχυρῶς
1086 1509 1223 1611 ἰταράτ.

140 1646 250 1691 τοντο.
263 1621 303 1687 Οἱ
313 1614 348 1691 δὲ
356 1624 497 1716 πολέμιοι
505 1622 630 1697 πάντων
641 1631 703 1689 τῶν
714 1620 850 1717 ψάμμων
862 1626 1011 1717 ἔμπειροι,
1019 1617 1128 1717 ἐπειδὴ
1137 1622 1223 1704 τινάς

142 1728 214 1805 καθ’
225 1732 279 1795 ἕνα
293 1736 354 1795 τῶν
369 1738 442 1796 νεῶν
450 1721 657 1808 νίκπηδῶντας
666 1721 760 1797 ἴδοιεν
769 1782 778 1812 ,
788 1732 959 1822 ἀνειμένους
972 1735 1042 1809 τοὺς
1052 1733 1163 1809 ἵππους
1173 1734 1223 1800 ἐπ’

142 1834 260 1913 αὐτοὺς
278 1835 521 1929 ἀσχολουμένους
539 1836 748 1911 ήλαυνοννκαὶ
765 1835 885 1931 ὀλίγους
904 1836 1013 1918 πολλοὶ
1031 1836 1222 1930 περιΐςαντο·

142 1938 236 2009 ἄλλοι
264 1964 298 2007 τε
326 1940 410 2011 κατὰ
434 1941 565 2037 πλάγιον
594 1942 635 2021 εἰς
658 1944 841 2035 σιίμσταντας
865 1944 937 2021 τοὺς
955 1928 1116 2035 Ῥωμαίους
1145 1945 1222 2028 βέλη

142 2047 286 2139 ἀφίεσαν.
302 2025 331 2115 ί)
346 2049 613 2143 κατανοησάμενος
629 2056 645 2117 ὁ
661 2052 804 2142 Καῖσαρ,
816 2050 858 2118 τά
871 2075 905 2120 τε
925 2059 986 2117 τῶν
1005 2059 1130 2144 μακρῶν
1148 2059 1223 2118 νεῶν

142 2160 259 2237 πλοῖα,
278 2153 339 2221 καί·
350 2182 420 2227 τινα
437 2154 616 2231 ,κατοπτικά
631 2155 779 2250 πλοιάρια
795 2158 870 2247 πρὸς
888 2160 1078 2249 ςρατιώταις
1097 2142 1225 2233 ἀνεπλή·

144 2286 236 2354 ρωσε·
256 2260 374 2341 καίοθς
388 2287 475 2341 τινας
494 2271 555 2332 τῶν
575 2266 687 2331 ἑαυτοῦ
705 2272 876 2341 πονοῦντας
895 2264 995 2355 ὁρῴη,
1011 2258 1225 2341 τοῦτοιςθοή-

143 2366 229 2435 θειαν
239 2369 424 2461 ἐπέπεμπεν.
436 2369 477 2434 Οἱ
488 2360 523 2438 δὲ
530 2354 679 2461 Ρωμαῖοι,
694 2361 801 2444 ἐπειδή
816 2371 936 2462 τάχιςα
949 2368 989 2447 εἰς
998 2380 1054 2473 γῆν
1065 2364 1224 2455 ἐξέῦησαν,

144 2475 276 2554 πάντων
290 2483 352 2542 τῶν
367 2470 468 2543 ἀλλων
479 2474 578 2567 σφίσιν
593 2477 798 2568 ε’φεπομένων,
811 2478 893 2552 ἵεντο
908 2476 948 2554 εἰς
963 2476 1034 2554 τοὺς
1048 2475 1223 2568 πολεμίους·

145 2583 261 2659 αὐτοὺς
285 2572 321 2650 δὲ
338 2579 544 2676 τρεψάμενοι,
563 2584 750 2674 προσωτέρω
779 2565 904 2658 διώκειν,
925 2585 983 2650 οὐκ
1006 2575 1223 2667 ἠδυνήθησαν,

144 2692 199 2756 ὅτι
213 2688 242 2756 οἱ
258 2695 341 2780 σφῶν
361 2689 461 2768 ἱππεῖς
480 2693 535 2756 οῦκ
555 2679 900 2782 εὐθυδρομήκεᾱανεκαί
914 2689 989 2779 πρὸς
1008 2691 1067 2762 τήν
1085 2692 1224 2782 Βρηταν-

126 2783 128 2790 ’
144 2795 212 2862 νέαν
228 2797 285 2862 οὐκ
301 2788 473 2872 ἐξώκειλαν.
488 2789 590 2865 Τοῦτο
603 2795 693 2886 μόνον
708 2803 748 2887 τῇ
757 2804 820 2860 τοῦ
833 2791 989 2886 Καίσαρος
1007 2793 1121 2886 ἀρχαίᾳ
1139 2799 1225 2872 εὐτυ-

144 2901 203 2994 χίᾳ
221 2901 296 2970 τότε
314 2901 476 2970 ἐπέλιπεν.
537 2952 539 2956 -
875 2897 880 2910 ’
914 2984 918 3002 ¹
950 2942 954 2948 ·
1149 2944 1169 2971 ι,

49 3043 53 3056 ·
148 3077 152 3083 ,
202 3009 350 3079 XXVII.
366 3007 407 3074 Οἱ
432 2999 467 3074 δὲ
489 3008 632 3100 πολέμιοι
650 3005 736 3100 μάχη
755 3004 956 3094 ἡττηθέντες,
977 2998 1084 3080 ἐπειδὴ
1106 3005 1226 3101 ’τάχος-α

147 3123 207 3193 τῆς
226 3124 323 3209 φυγῆς
341 3119 467 3193 ἑαυτοὺς
486 3107 656 3196 ἀνέλαέον,
670 3106 811 3206 πρέσάεις
825 3110 911 3204 παρὰ
927 3113 981 3179 τὸν
998 3112 1144 3206 Καίσαρα
1152 3113 1226 3205 ,περὶ

146 3221 268 3316 ,εἰρήνης
295 3216 489 3312 πέμψαντες,
508 3219 614 3296 πάντα
638 3215 681 3287 τά
708 3218 792 3310 σφίσι
816 3221 867 3285 ὑπ’
888 3221 984 3285 αὐτοῦ
1004 3219 1227 3311 προςαχθησό-

146 3353 229 3422 μενα
247 3330 382 3402 ποιήσειν
409 3327 593 3418 ὑπέσχοντο.
616 3326 747 3410 Τούτοις
772 3316 817 3402 δὲ,
830 3325 951 3417 Κίγκιον
976 3325 1029 3392 τὸν
1055 3314 1227 3417 Ᾱτρέθατα

150 3430 359 3525 συνέπεμψαν·
376 3431 408 3505 ὃν
425 3432 515 3501 αὐτοὶ
538 3433 592 3526 μὲν
611 3431 652 3510 εἰς
672 3435 730 3508 τὴν
749 3423 954 3526 Βρηταννίαν,
968 3437 1008 3509 ὡς
1021 3421 1082 3505 ἤδη
1103 3431 1227 3525 ἐρρέθη,

149 3541 292 3617 ,ῦπθτοῦ
318 3539 475 3633 Καίσαρος
500 3538 698 3631 πεμφθέντα,
723 3541 760 3614 ζέκ
785 3547 841 3615 τῆς
859 3540 932 3615 νεὼς
951 3532 1152 3622 έκάαίνοντα,
1175 3537 1228 3604 καὶ

151 3645 196 3734 τίι
213 3656 271 3714 τοῦ
285 3646 450 3740 Καίσαρος
468 3647 651 3739 ἐντάλματα
668 3650 708 3724 ὡς
726 3638 859 3740 πρέσθυν
869 3644 1138 3738 ἀπαγγέλλοντα,
1153 3651 1229 3721 ουλ·

149 3747 302 3831 λαθόντες
313 3753 374 3836 ,εἰς
391 3754 529 3844 φυλακήν
548 3747 670 3820 έθαλον.
687 3753 769 3820 Τότε
789 3742 825 3828 δὲ
843 3747 924 3845 μετὰ
942 3753 999 3828 τὴν
1015 3749 1136 3843 μάχην,
1156 3752 1229 3818 ἀπε.

149 3855 319 3952 πέμψαντο
330 3861 450 3943 ,οὐτὸν,
465 3859 517 3928 καὶ
530 3857 647 3949 εἰρήνην
664 3857 844 3936 αἰτοῦντες,
857 3861 913 3932 τήν
929 3859 1042 3924 τούτου
1057 3868 1114 3924 τοῦ
1132 3856 1231 3951 πράγ-

74 3989 76 3999 ’
150 3963 370 4060 ματος;α,ἰτίοιν
384 3963 433 4034 ἐπὶ
450 3966 504 4036 τὸν
523 3966 614 4058 ὄχλον
630 3965 795 4058 ἀνέφερον,
810 3964 862 4030 καὶ
875 3956 930 4030 διὰ
948 3967 1004 4038 τήν
1022 3975 1105 4056 σφῶν
1125 3960 1228 4046 ἀνοιαν

153 4071 412 4168 συγγινώσκισθαι
425 4071 686 4163 σφίσινίκέτευον.
698 4057 728 4137 ί)
742 4061 778 4138 δέ
789 4074 910 4168 Καῖσαρ
926 4064 1042 4165 θαρέως
1057 4071 1110 4164 μὲν
1126 4073 1229 4156 αἰετοῖς

154 4177 338 4272 ἐμέμψατο,
351 4183 401 4248 ὅτι
413 4172 553 4273 πρέσθεις
568 4181 644 4272 πρὸς
659 4179 753 4246 αὐτὸν
771 4177 813 4256 εἰς
826 4180 885 4252 τήν
897 4177 1021 4272 ήπειρον
1036 4173 1231 4271 πέμψαντες,

982 4298 1049 4407 27⁵
