3000 5025
313 514 387 588 232
530 516 559 583 J.
589 515 745 585 cccst
773 512 1167 583 conuenienti
1263 464 1266 472 ’

310 662 423 745 geret,
441 672 542 743 quam
564 662 602 717 ut
625 649 815 718 Stoicorum
842 647 986 716 decretis
1008 645 1284 741 obtemperaret,
1304 642 1395 741 quos

308 753 523 845 sectabaturj
535 778 698 850 suumque
713 778 837 825 nomen
856 753 976 849 grandi
996 753 1108 848 aliquo
1130 754 1276 823 lacinore
1298 752 1396 824 clari·

307 862 434 933 ficeret.
458 862 512 932 An
534 862 613 957 quid
632 860 711 931 mali
731 862 880 956 potuerit
900 860 1073 950 accidere,
1098 862 1126 930 si
1149 861 1297 948 viveret,
1321 885 1393 929 non

307 969 466 1038 invenio:
487 970 588 1039 Caius
608 969 697 1038 enim
716 970 851 1055 Caesar,
870 980 909 1037 ut
925 981 1000 1036 erat
1017 965 1187 1055 clemens,
1201 966 1284 1037 nihil
1300 964 1394 1035 aliud

307 1074 443 1145 efficere
455 1074 609 1165 volebat,
624 1077 725 1144 etiam
743 1088 777 1143 et
795 1076 918 1169 inipso
932 1072 1011 1144 belli
1026 1072 1131 1145 civilis
1144 1073 1274 1162 ardore,
1287 1098 1394 1167 quam

307 1196 347 1250 ut
362 1182 447 1251 bene
466 1182 587 1251 mereri
601 1180 643 1251 de
658 1180 831 1275 republica
845 1180 1032 1269 videretur,
1047 1180 1179 1249 duobus
1192 1182 1330 1275 optimis
1344 1182 1393 1251 ci·

306 1288 406 1357 vibus
438 1289 600 1358 Cicerone
627 1301 661 1357 et
687 1290 817 1358 Catone
852 1288 1014 1357 servatis:
1039 1288 1112 1357 baec
1136 1285 1199 1355 ille.
1224 1290 1270 1357 Et
1285 1303 1394 1358 certe

306 1394 430 1464 horum
456 1393 550 1464 alteri
577 1394 855 1465 clementissimus
877 1395 992 1463 Caesar
1019 1394 1099 1482 fuit,
1123 1392 1218 1462 alteri
1241 1392 1393 1464 clemens

202 1488 204 1499 ’
307 1526 379 1571 esse
401 1526 471 1571 non
491 1504 603 1597 potuit
614 1497 629 1589 ‚⁴
652 1502 732 1596 quia
752 1525 830 1571 eum
852 1526 921 1570 non
945 1502 1081 1569 invenit.
1107 1502 1251 1571 Constat
1274 1516 1392 1571 autem

307 1608 411 1702 quod,
422 1608 535 1678 audito
546 1608 612 1678 hoc
625 1632 723 1677 casu:
741 1611 850 1694 Coto,
868 1608 992 1703 inquit,
1005 1606 1262 1703 mvtdt'tglon‘ae
1276 1613 1369 1679 me'ae
1376 1635 1392 1697 ,·

307 1730 345 1783 et
378 1740 442 1811 ego
472 1738 547 1785 suoe
572 1714 719 1785 mordeo.
740 1716 917 1786 Uticenses
938 1728 1068 1803 autem,
1086 1716 1148 1783 etsi
1179 1739 1255 1783 eum
1275 1715 1390 1786 studio

307 1822 455 1918 partium
488 1822 663 1907 odissent,
683 1836 822 1918 propter
843 1822 1068 1916 integritatem
1095 1828 1207 1890 tamen
1226 1823 1334 1915 ipsius
1357 1836 1391 1892 et

307 1926 606 1998 dissimilitudinem
621 1944 820 1999 caeterorum
831 1928 973 2014 ducum,
982 1942 1016 1997 et
1030 1927 1121 2023 quod
1135 1928 1254 1998 urbem
1268 1954 1390 1999 eorum

308 2036 465 2130 operibus
483 2034 623 2131 publicis
642 2036 892 2123 adornaverat,
920 2034 1068 2106 miserati
1088 2036 1213 2103 exitum
1235 2036 1321 2124 viri,
1339 2061 1389 2105 se-

306 2140 488 2242 pulchrum
505 2141 552 2210 illi
570 2156 766 2213 statuerunt.

357 2249 486 2317 Catone
502 2248 600 2318 rebus
615 2250 771 2319 humanis
789 2264 960 2344 exempto,
977 2251 1017 2319 L.
1036 2252 1150 2320 Caesar
1161 2274 1204 2319 ex
1216 2248 1283 2319 hoc
1298 2246 1390 2320 malo

308 2349 434 2422 bonum
456 2352 545 2423 aliud
563 2354 742 2450 decerpere
764 2357 932 2450 cogitans,
944 2356 1108 2452 populum
1125 2356 1169 2426 ad
1189 2358 1389 2426 concionem

307 2474 430 2548 vocat;
445 2461 616 2551 hortatur,
636 2475 689 2550 ut,
706 2463 921 2534 contentione
940 2464 1107 2560 deposita,
1122 2478 1229 2560 portae
1245 2486 1388 2534 romane

152 2601 159 2614 ·
211 2648 214 2652 ⁴
307 2565 499 2658 pandantur·
521 2569 737 2663 imperatori:
768 2595 803 2639 se
825 2570 868 2638 de
887 2569 974 2641 illius
1004 2571 1180 2642 clementia
1201 2570 1386 2666 plurimum
1458 2623 1462 2628 .

191 2752 197 2776 Ι
306 2673 476 2744 confidere
501 2699 540 2744 ac
558 2700 701 2771 sperare.
723 2679 803 2747 Non
825 2677 889 2746 fuit
915 2677 1017 2773 longo
1038 2703 1124 2774 opus
1151 2692 1296 2748 tractatu
1317 2704 1325 2747 :
1346 2677 1387 2747 ad

306 2777 458 2875 idipsum
473 2785 571 2878 proni
586 2798 682 2854 erant
696 2784 818 2872 animi3
835 2786 942 2878 portis
958 2787 1081 2880 apertis
1091 2787 1233 2871 ‚caessri
1248 2785 1391 2858 obviam

304 2889 464 2980 pergitur.
484 2891 623 2957 Interim
639 2888 812 2978 Messalla,
827 2893 881 2960 cui
894 2890 961 2960 boc
974 2892 1161 2985 injunctum
1179 2890 1385 2987 fuisseprae·

305 2989 466 3082 diximus,
484 2997 620 3065 Uticam
635 2999 745 3085 venit,
763 3011 798 3065 et
811 2997 951 3091 pacifice
969 3010 1161 3092 susceptus,
1174 3023 1292 3068 omnes
1304 3009 1384 3094 por·

304 3109 356 3166 tas
378 3099 572 3170 custodibus
594 3118 746 3199 occupat.
770 3104 904 3173 Interea
927 3106 1040 3174 Caesar
1058 3107 1169 3199 Tapso
1187 3104 1384 3200 digressus,

304 3204 442 3274 Uticam
469 3207 621 3301 petebat,
642 3225 741 3304 atque
768 3209 880 3279 medio
903 3211 1006 3280 urbes
1031 3213 1148 3280 itincre
1173 3211 1292 3282 obvias
1313 3214 1383 3284 sine

303 3309 420 3403 praelio
447 3329 620 3408 occupat,
646 3318 806 3403 Uzitam,
836 3316 1076 3403 Adrumetum,
1098 3342 1325 3413 magnamque
1347 3319 1381 3390 in

303 3417 350 3486 eis
377 3419 445 3487 vim
468 3420 627 3491 frumenti
648 3436 747 3517 atque
774 3445 955 3492 armorum.
985 3426 1121 3494 Uticam
1143 3426 1382 3522 propinquanti

286 3523 341 3592 aL·
370 3527 483 3595 Caesar
507 3529 675 3616 occurrit,
693 3530 882 3624 raptimque
901 3529 944 3598 ad
964 3556 1074 3626 genua
1094 3530 1317 3626 provolutus,
1334 3530 1379 3606 nd

301 3627 391 3699 aliud
406 3634 503 3726 petiit
521 3658 621 3728 quam
636 3635 758 3720 vitam3
772 3634 862 3704 hanc
879 3638 942 3706 sibi
957 3641 1070 3708 Caesar
1087 3653 1122 3707 et
1134 3639 1274 3708 Catonis
1286 3637 1379 3726 filiis,

301 3737 358 3828 qui
377 3763 491 3809 secum
510 3755 632 3825 erant,
659 3739 795 3835 aliisque
815 3743 993 3813 comitibus
1015 3743 1271 3815 clementissime
1299 3770 1379 3816 cons

300 3845 417 3932 cessit3
435 3846 553 3940 etjam
575 3844 649 3949 luce
672 3845 848 3944 ambigua,
869 3853 1007 3920 Uticam
1026 3853 1136 3939 venit,
1158 3865 1260 3947 atque
1282 3866 1376 3922 exus

299 3950 461 4043 oppidum
480 3967 615 4022 noctem
626 3955 694 4048 egit
712 3979 721 4022 ε
736 3979 835 4024 mane
849 3972 964 4052 portas
981 3959 1166 4053 ingressus,
1184 3959 1376 4028 convocatis

300 4055 446 4147 civibus,
458 4058 499 4128 de
517 4063 686 4155 praeterito
709 4063 833 4156 gratias
852 4065 936 4157 egit,
956 4064 1001 4132 ad
1021 4065 1303 4159 perseverantiam
1318 4089 1385 4134 σοι

299 4158 460 4235 hortatus.
482 4163 590 4237 Erant
604 4169 714 4238 Utica
731 4190 796 4240 ccc
811 4171 878 4242 riri
895 4169 1066 4258 ditissimi,
1082 4195 1205 4266 magua
1223 4195 1301 4268 pars
1326 4195 1377 4240 ro»
