3000 5025
238 604 240 610 ¹
302 607 378 678 εἶναι
389 615 531 708 λέγουσι,
544 614 581 680 τὸ
596 612 668 692 τοὺς
686 623 769 704 σφῶν
784 616 997 708 προσχώρους,
1010 625 1050 708 τῇ
1062 615 1179 682 ἑαυτῶν
1193 606 1367 691 ύπείξαντας

303 719 415 812 ἀρετῇ,
435 722 470 785 ἐκ
488 730 544 798 τῆς
564 711 642 797 ἰδίας
662 720 870 793 ἀπελασθῆναι
881 723 983 814 χώρας
995 772 1003 803 ,
1015 719 1067 788 καὶ
1086 711 1198 788 οὐδένα
1215 719 1282 813 περὶ
1294 724 1370 810 σφοῖς

301 821 394 892 ἀλλον
414 827 508 917 μένειν
525 831 654 918 τολμᾷν·
677 829 743 918 ἅμα
755 827 782 892 θ’
796 829 877 893 οὕτω
894 832 989 918 σφοῖς,
1002 837 1060 894 τοῦ
1073 828 1137 894 ἀπὸ
1152 825 1214 894 τῶν
1235 819 1368 916 ἐξαίφνης
1396 911 1401 924 Ι

302 932 524 1024 τῶνπολεμίων
533 932 790 1025 ἠλευθερωμένους
800 925 1217 1027 ἐπιδρομῶν,ἀσφαλεςέρους
1228 939 1369 1026 ἡγοῦνται

302 1037 431 1105 ἔσεσθαι.
453 1041 515 1106 Τὸν
538 1039 673 1132 πολεμον
703 1031 732 1104 δ’
747 1032 872 1107 ἐπειδὰν
900 1041 1043 1133 ἐπιφέρῃ,
1061 1038 1080 1114 ἢ
1104 1039 1157 1107 καὶ
1177 1038 1370 1131 ἐπενεχθέντα

301 1145 455 1236 ἀμύνηται
470 1155 526 1225 τῆς
541 1144 711 1238 Γερμανίας
724 1147 814 1222 πόλις
834 1171 899 1228 τις,
919 1139 996 1224 ζωῆς
1014 1145 1055 1224 εἰς
1077 1147 1150 1224 τοὺς
1169 1147 1370 1240 ἀρχομένους,

302 1250 353 1317 καὶ
368 1251 501 1320 θανάτου
521 1253 550 1319 οἱ
568 1254 758 1346 πολέμαρχοι
782 1247 918 1330 ἐξουσίαν
944 1255 1074 1344 ἔχουσιν·
1094 1254 1144 1320 ἐπὶ
1159 1255 1212 1346 μέν
1230 1277 1279 1318 τοι
1292 1250 1371 1344 εἰρη-

301 1383 369 1440 vm,
391 1351 489 1437 οὐδεὶς
509 1358 556 1436 ἐςὶ
584 1359 681 1437 κοινὸς
701 1363 803 1424 αὐτῶν
823 1357 936 1451 ἅρχων·
957 1360 1026 1426 αλλ’
1047 1359 1076 1426 οί
1100 1358 1197 1451 ἑκάςῃ
1217 1361 1304 1451 χώρᾳ
1323 1355 1371 1424 καὶ

301 1471 382 1558 φυλῇ
409 1466 683 1559 ἐπιτετραμμένοι,
704 1474 769 1544 τοῖς
797 1474 880 1558 σφῶν
902 1467 1048 1543 ὑπηκόοις
1070 1457 1246 1546 δικάζουσι,
1261 1462 1312 1530 καὶ
1333 1460 1371 1530 τέ

302 1560 436 1665 διάφορα
451 1576 552 1640 αὐτῶν
567 1571 672 1639 πάντα
687 1563 872 1639 διαλύουσιν·
886 1571 918 1637 αἱ
933 1563 968 1638 δὲ
981 1565 1020 1646 δὴ
1031 1578 1154 1666 λγςεῒαι
1167 1573 1241 1665 παρ’
1255 1573 1371 1652 αὐτοῖς,

302 1677 336 1742 αἵ
355 1703 390 1772 γε
408 1688 464 1756 τῆς
483 1678 597 1756 ἑκάςης
612 1679 730 1756 πόλεως
745 1677 940 1770 ἐπικρατείας
952 1673 1010 1756 ἐξω
1022 1681 1219 1769 ποιούμεναι,
1234 1676 1371 1768 αἰσχύνην

301 1786 357 1849 οὐκ
374 1785 487 1875 έχουσι·
504 1787 622 1863 ταύτας
649 1786 702 1877 μὲν
729 1784 787 1880 γὰρ
816 1792 872 1852 τοῦ
895 1811 931 1851 τε
954 1785 1011 1853 τὴν
1034 1786 1170 1858 νεότητα
1190 1783 1372 1866 άσκεῒν,καί

301 1899 358 1956 τοῦ
372 1890 479 1984 ἀργίαν
504 1893 621 1988 φεύγειν
644 1893 884 1986 ἐνεκα,λέγουσι
901 1891 1063 1959 ποιεῖσθαι.
1076 1895 1145 1957 Τῶν
1165 1891 1323 1983 ἀρχόντων
1344 1879 1373 1952 δ’

301 1987 425 2062 ἐπειδάν
446 2022 492 2075 τις
508 1993 662 2090 (πολέμου
682 2002 764 2076 τινὸς
785 1994 1019 2092 ἐπιγενομένου)
1040 1998 1236 2090 πολέμαρχον
1259 1995 1372 2062 ἔσεσθαι

283 2095 409 2169 ’ἐαυτὸν
431 2105 460 2169 ἐν
481 2095 601 2189 συνόδῳ
623 2109 738 2197 ὑφιςῇ,
758 2105 786 2170 οἱ
805 2105 858 2196 μὲν
888 2115 999 2171 τοῦτον
1025 2103 1150 2170 ἔπεσθαι
1178 2097 1371 2195 ύουλύμενοι,

301 2210 358 2282 τόν
374 2212 404 2274 τ’
424 2207 524 2276 αἰτίαν
545 2219 600 2276 τοῦ
619 2212 777 2302 πολέμου,
795 2209 846 2276 καὶ
864 2212 918 2277 τὸν
936 2202 1036 2303 ἀνδρα
1055 2200 1301 2301 ἀποδεχόμενοι,
1313 2206 1371 2274 ἀνί·

300 2340 414 2390 ςανται
450 2315 554 2397 εὐθὺς,
568 2314 619 2382 καὶ
649 2319 706 2390 τήν
732 2327 815 2406 σφῶν
844 2311 984 2390 ύοηθειαν
1012 2315 1114 2402 ἐκείνῳ
1142 2321 1370 2410 ὑπισχνοῦνται·

301 2420 403 2487 ταῦτά
418 2446 453 2486 τε
472 2422 691 2515 ποιησάμενοι,
703 2423 764 2489 ὑπὸ
782 2431 839 2489 τοῦ
852 2423 1006 2513 παρόντος
1021 2421 1155 2498 πλήθους
1170 2423 1371 2489 ἐπαινοῦνταυ

300 2528 329 2595 οἱ
348 2519 377 2593 δ’
392 2530 501 2595 ἐκεῖνον
522 2532 577 2595 οὐκ
595 2529 774 2621 ἑσπόμενοι,
792 2520 947 2622 προδόται
967 2524 1164 2617 νομίζονται,
1178 2528 1231 2595 καὶ
1252 2531 1283 2595 ἐν
1302 2532 1372 2595 πᾶσι

302 2632 384 2725 μετὰ
402 2643 505 2701 ταῦτα
526 2633 702 2729 πράγμασιν
721 2635 918 2711 ἀπιςοῢνται.
931 2636 1012 2713 Τοὺς
1030 2626 1066 2701 δὲ
1085 2628 1185 2712 ξένους
1203 2628 1373 2729 ύύρίζεσθαι

300 2737 384 2833 παρὰ
402 2740 501 2831 σφίσιν
518 2742 546 2807 οἱ
560 2741 709 2833 Γερμανοὶ
725 2744 759 2807 οὐ
776 2744 818 2832 μὴ
838 2752 1062 2835 συγχωροῦσιν,
1077 2740 1158 2808 ἀλλὰ
1175 2742 1250 2819 τοὺς
1271 2728 1371 2817 ύποίιις

301 2838 459 2919 δηποτοῦν
478 2849 553 2941 πρὸς
580 2850 691 2924 αὐτοὺς
716 2845 817 2925 αἰτίας
839 2850 925 2915 ἕνεκα
944 2849 1207 2942 παραγενομένους
1229 2850 1372 2939 ἐπιμελῶς
1465 2939 1467 2948 ⁴

301 2953 364 3019 ἀπὸ
383 2955 500 3031 παντὸς
521 2945 767 3044 διαφυλάττουσι
785 2964 900 3037 κακοῦ,
920 2952 972 3021 καὶ
989 2955 1089 3031 ὁσίους
1112 2951 1244 3045 ἀγουσι,
1264 2952 1322 3031 τάς
1341 2977 1372 3019 τε

301 3068 385 3148 σφῶν
410 3059 504 3137 οἰκίας
537 3063 640 3138 αὐτοῖς
667 3059 927 3127 ἀναπεταννύουσι
954 3058 1087 3141 πάντες,
1117 3060 1244 3138 καὶτῆς
1263 3068 1371 3153 τροφῆς
1392 3100 1394 3106 -

301 3164 423 3243 ἐκείνοις
442 3177 643 3245 κοινωνοῦσιν.
911 3243 913 3249 ,

354 3273 481 3341 XXIV.
506 3258 638 3367 Ἐγένετο
665 3264 699 3339 δὲ
725 3274 804 3341 ποτὲ
830 3275 957 3365 χρόνος,
975 3275 1027 3339 ὅτε
1057 3274 1129 3352 τοὺς
1148 3273 1322 3367 Γερμανοὺς
1345 3270 1372 3338 ὀἱ

301 3377 417 3445 Γάλλοι
440 3369 562 3472 ἀνδρείᾳ
585 3373 808 3472 ὑπερέύαλλον,
830 3380 882 3447 καὶ
900 3380 1075 3472 αὐτόματοι
1096 3379 1218 3457 ἐκείνοις
1241 3380 1371 3471 πόλεμον

300 3486 463 3578 ἐπέφερον,
476 3484 618 3563 ἀποικίας
632 3511 667 3551 τε
684 3487 778 3577 πέραν
798 3496 853 3553 τοῦ
867 3472 985 3569 Γόνου,
1000 3477 1054 3552 διὰ
1072 3487 1129 3560 τὴν
1150 3497 1233 3576 σφῶν
1248 3492 1373 3552 πολυαν-

301 3590 454 3683 θρωπίαν,
470 3594 616 3685 ἔπεμπον·
634 3596 695 3669 ὥςε
710 3591 764 3684 μὲν
779 3594 836 3665 τὴν
849 3592 951 3671 πάσης
968 3590 1171 3686 ἐνεργοτάτην
1191 3603 1249 3669 τῆς
1263 3594 1373 3686 Γερμα-

299 3696 364 3775 νίας
383 3700 485 3791 χώραν
504 3699 572 3793 περὶ
596 3699 648 3765 τὸν
668 3684 813 3791 Ερκύνιον
836 3696 927 3765 οὖσαν
944 3690 1058 3791 δρυμὸν
1069 3694 1123 3781 (ἐν
1138 3701 1171 3781 ὅ,
1190 3724 1224 3766 τε
1242 3683 1373 3791 Ἐρατοσ-

301 3803 403 3887 θένης,
422 3805 473 3871 καὶ
498 3802 586 3872 ἀλλοι
617 3806 695 3883 τινὲς
721 3786 856 3883 Γλληνες
880 3808 965 3899 φόμῃ
988 3808 1140 3899 ἔγνωσαν,
1160 3805 1212 3871 καὶ
1230 3790 1370 3896 Ορκύνιον

301 3906 468 3995 ἐκάλεσαν)
480 3914 585 3990 ὅπλοις
604 3914 685 3979 οἵτε
704 3912 821 3979 Βόλκαι
840 3913 893 3979 καὶ
907 3912 935 3978 οἱ
953 3912 1164 4006 Τικτόσαγες,
1178 3908 1303 3979 άποικοι
1320 3920 1370 3985 τῆς

301 4018 457 4095 Γαλατίας
481 4018 585 4101 ὅντες,
601 4021 768 4113 κατέσχον.
790 3998 852 4084 Γτι
875 4009 981 4085 δὲκαὶ
1004 4027 1057 4083 νῦν
1084 4017 1217 4086 ἐνταῦθα
1240 4016 1368 4097 οἰκοῦσι,

300 4123 353 4190 καὶ
378 4124 460 4191 κατά
488 4150 523 4191 τε
550 4127 604 4194 τὸν
630 4127 787 4218 πολεμον,
806 4124 858 4192 καὶ
884 4128 941 4199 την
966 4117 1156 4199 δικαιότητα
1178 4116 1368 4201 ἐνδοξότατοι
