3000 5025
277 457 371 521 xvru'
687 451 951 539 EDITORIS.

277 600 373 677 notas
391 608 507 653 omnes
521 586 766 676 Jungermanui
782 583 996 677 subjunctas,
1012 606 1124 677 apag.
1140 580 1235 672 542,
1250 611 1356 682 usque
1376 584 1378 587 ⁴

276 692 320 761 ad
348 716 423 786 pag.
447 687 543 786 573,
569 689 624 757 hic
650 690 816 777 invenies,
845 690 942 759 nobis
975 691 1084 759 visum
1122 705 1172 761 est
1203 693 1356 786 quaedarn

275 799 429 893 proferre
447 798 636 867 testimonia
653 817 695 864 ex
712 796 855 864 Fabricii
876 796 1096 893 bibliotheca,
1113 800 1151 865 T.
1167 801 1208 885 13
1225 824 1259 893 p:
1278 798 1354 873 250

276 898 416 1000 (Lipsiae
441 895 584 1000 1773):
611 906 692 973 Haec
718 904 994 998 versio,'inquit,
1018 905 1165 998 primurn
1188 904 1278 974 edita
1305 924 1355 977 est

274 1037 364 1081 anno
387 1010 501 1098 1606,
524 1036 565 1079 ex
590 1009 714 1079 Codice
734 1009 828 1078 Pauli
845 1012 973 1079 Patavii
993 1036 1013 1079 a
1035 1000 1253 1082 Gothofredo
1271 1017 1353 1083 Jun-

274 1144 468 1214 germanno.
494 1120 547 1186 De
568 1141 608 1185 ea
625 1115 761 1185 illustris
779 1118 938 1205 Huetius,
954 1117 1039 1186 libro
1062 1117 1104 1187 dc
1129 1115 1227 1187 claris
1250 1121 1353 1190 inter·

272 1226 435 1320 pretibus,
448 1251 480 1320 p.
495 1248 571 1319 219
588 1250 595 1290 :
618 1223 775 1292 «Dubito
786 1222 960 1317 equidem,
974 1227 1118 1294 Gazaene
1133 1248 1177 1293 an
1184 1216 1352 1316 Planudae,

273 1358 317 1401 an
339 1331 434 1401 alteri
457 1331 603 1425 ejusdem
626 1331 687 1399 aevi
706 1332 851 1425 cuipiam
866 1333 1184 1401 commentariorum
1204 1332 1351 1404 debello

274 1437 404 1509 Gallico
423 1439 675 1508 conversionem
691 1439 865 1525 Graecam,
885 1462 960 1531 quae
979 1438 1015 1505 iu
1033 1439 1214 1507 Petaviana
1228 1439 1350 1509 Biblio-

273 1547 370 1615 theca
398 1545 558 1631 habetur,
586 1542 783 1613 adscribam.
824 1547 991 1614 Caesarem
1024 1543 1081 1613 illa
1108 1571 1351 1641 nonnunquam

272 1653 391 1722 ducem
412 1652 549 1737 deserit,
569 1666 613 1727 et
621 1649 739 1721 breves
755 1666 865 1721 tentat
886 1677 1063 1740 excursus,
1086 1678 1162 1722 raro
1182 1668 1294 1724 umen
1317 1670 1351 1727 et

271 1759 479 1846 verecunde,
491 1772 640 1826 ceterum
656 1782 724 1826 nou
738 1760 874 1853 impura
886 1783 925 1827 ea
936 1814 945 1847 ,
958 1784 1022 1827 nec
1039 1761 1225 1830 invenusta.
1240 1790 1258 1825 r
1274 1764 1349 1831 Da·

270 1868 328 1935 vid
343 1865 565 1952 Haesclrelius,
585 1864 732 1959 epistola¹
742 1865 785 1933 ad
798 1868 1108 1961 lungermannurn,
1122 1871 1145 1953 4
1161 1865 1231 1937 Cal.
1244 1868 1348 1962 April.

271 1998 360 2042 anno
379 1970 478 2043 1606
498 1997 506 2037 ι
535 1973 882 2065 «Interpretationem
900 1972 1058 2042 Planudae
1077 1976 1209 2067 potius,
1240 1977 1297 2069 qui
1316 1992 1350 2044 et

271 2080 439 2149 Ovidiana
459 2081 561 2146 vertit
570 2078 724 2173 quaedam
739 2104 808 2149 non
828 2078 1018 2163 infeliciter,
1041 2104 1141 2173 quarn
1155 2082 1256 2149 Gazae
1275 2108 1347 2151 cre·

271 2186 427 2274 diderim,
440 2185 568 2281 'quode
587 2187 761 2281 phrasium
772 2186 986 2256 similitudine
996 2172 1092 2266 facile
1104 2186 1314 2279 conjecerim.
1326 2178 1344 2255 i

270 2298 389 2363 Petrus
400 2292 698 2363 Scriveriusliteris
712 2293 756 2361 ad
767 2293 911 2363 eundern
922 2296 1229 2387 Juugermaunum:
1244 2294 1347 2366 «Belli

271 2400 392 2471 Gallici
410 2403 574 2496 interpres
589 2399 643 2469 ille
663 2403 802 2470 Graecus
824 2425 894 2468 nou
913 2414 964 2469 est
977 2398 1111 2493 quidem
1129 2416 1347 2471 contemnen-

271 2509 349 2598 dus,
373 2508 575 2578 sedtamen
596 2507 687 2578 haud
718 2509 764 2576 ita
787 2531 911 2601 magno
929 2505 1101 2577 literarum
1119 2507 1347 2582 emolumento

187 2626 192 2640 ‘
270 2617 409 2712 legitur,
427 2631 467 2684 ut
486 2615 611 2710 absque
634 2614 702 2696 ulla
722 2614 949 2684 studiosorum
971 2608 1087 2684 fraude
1108 2631 1240 2710 poterat
1257 2617 1347 2686 obli·

270 2725 392 2812 terari,
409 2725 556 2818 quisquis
571 2737 628 2790 est.
651 2721 716 2791 Sed
734 2720 888 2815 legatur,
902 2722 929 2789 si
943 2723 1018 2814 quis
1039 2736 1152 2798 tamen
1173 2724 1245 2794 haec
1263 2750 1345 2818 quo·

274 2856 338 2926 que
362 2845 480 2925 captus
503 2854 617 2898 amore
640 2827 765 2921 leget.»
1279 2897 1282 2905 ,
1369 2909 1372 2913 .

325 2940 378 3006 De
391 2938 582 3031 interpretis
601 2936 736 3004 nomine
747 2934 839 3006 litem
853 2963 924 3006 esse
940 2932 1053 3028 uides,
1068 2938 1139 3008 aliis
1146 2940 1345 3027 Planudam,

271 3044 342 3114 aliis
360 3047 490 3114 Gazam
501 3041 780 3138 praeferentibus:
801 3044 859 3113 sed
872 3043 1022 3139 utrisque
1036 3061 1181 3116 temere:
1197 3049 1345 3140 primurn

270 3153 312 3222 de
325 3154 419 3221 Gaza
435 3151 573 3245 quaestio
587 3146 678 3216 nulla
689 3174 760 3218 esse
776 3165 901 3245 potest3
921 3177 999 3221 narn
1013 3167 1089 3222 ante
1105 3154 1213 3246 ipsum
1227 3167 1344 3221 natum

270 3261 422 3328 ducentis
451 3257 520 3325 fere
551 3256 646 3323 annis
678 3259 803 3326 exarati
830 3258 963 3328 codices
989 3259 1076 3327 hanc
1104 3259 1342 3352 metaphrasim

270 3369 353 3436 cum'
362 3370 390 3434 J.
402 3363 542 3434 Caesaris
556 3363 713 3456 operibus
727 3367 915 3451 continent3
933 3391 1017 3459 quos
1035 3364 1147 3432 videre
1160 3365 1238 3436 licet
1253 3354 1343 3460 apud

269 3476 396 3568 regiam
414 3469 617 3540 Parisiorum
636 3469 882 3542 bibliothecam.
902 3475 956 3540 De
975 3469 1124 3539 Planuda
1143 3487 1256 3542 autem
1272 3497 1342 3540 non

268 3583 314 3649 ita
333 3591 462 3647 certum
481 3575 717 3647 affirmaverim
730 3579 908 3672 judicium3
927 3590 1055 3664 tamen,
1068 3603 1173 3670 quum
1184 3581 1219 3647 in
1230 3603 1343 3648 mauu-

271 3685 401 3780 scriptis
418 3683 513 3753 codd.
526 3683 700 3755 Ovidiauae
709 3683 975 3779 metaphraseos,
986 3709 1087 3778 quarn
1101 3688 1223 3754 morin
1232 3685 1339 3756 lucem

268 3793 496 3889 proferemus,
514 3790 670 3862 Plauudae
685 3792 831 3860 auctoris
842 3815 967 3858 nomen
980 3789 1157 3885 diligenter
1167 3792 1350 3887 praefixum⁴
1441 3775 1475 3794 χ
1493 3803 1494 3806 ’

269 3902 384 3986 fuerit,
400 3913 434 3971 et
447 3900 587 3968 Caesaris
597 3899 743 3967 versioni
755 3921 824 3968 uon
841 3898 1037 3992 inscriptum
1053 3901 1249 3993 reperiatur,
1264 3900 1340 3968 inde

264 4007 409 4077 libenter
425 4005 581 4076 inductus
600 4004 701 4072 alium
722 4027 794 4072 esse
811 4019 985 4074 auctorem
1005 4005 1213 4076 concludam.
1238 4006 1346 4093 Quod·

265 4116 296 4184 si
309 4113 553 4185 animadvertas
568 4111 721 4182 dictionis
733 4111 975 4205 integritatem,
994 4113 1102 4183 audeo
1115 4116 1215 4184 etiarn
1228 4112 1338 4182 dicere
