3000 5025
311 491 390 583 494
610 488 649 555 C.
677 488 822 556 JULII
850 489 1090 557 cAEsIRls

301 616 417 709 ,ψατο,
438 618 489 686 καὶ
521 622 617 697 αὐτῆς
638 622 795 713 κρατήσας
818 615 902 704 (τῶν
933 620 1087 712 πολεμίων
1120 622 1266 703 πάντων,
1295 623 1375 697 ἐκτὸς
1471 612 1472 629 ¹

311 726 439 821 ὀλίγων,
462 725 742 816 καταληφθέντων,
761 729 811 791 ὅτι
839 727 877 793 τὸ
910 737 967 804 τῆς
998 731 1130 821 γεφύρας
1158 729 1247 804 ςενὸν
1275 729 1378 803 αὐτοὺς

311 834 437 928 ἀθρόους
466 832 539 900 ἰέναι
567 825 754 919 ἀπεκώλυε)
776 840 841 910 τοῖς
868 836 1056 926 ςρατιώταις
1078 835 1178 924 ἀφῆκε
1197 825 1376 926 διαρπάζειν·
1472 838 1473 883 ί

311 942 407 1013 αὐτὴν
421 932 456 1006 δὲ
471 940 688 1021 κατακαύσας,
702 941 797 1030 πέραν
817 948 873 1006 τοῦ
896 938 1028 1033 Λίγηρος
1046 940 1085 1006 τὸ
1112 941 1276 1033 ςράτευμα
1295 931 1381 1006 θιεθί·
1472 942 1473 947 ’

311 1043 405 1130 ύασε,
421 1047 472 1114 καὶ
486 1045 526 1124 εἰς
542 1048 596 1119 τήν
611 1055 672 1110 τῶν
687 1044 873 1140 Βιτουρίγων
892 1049 994 1138 χώραν
1012 1041 1163 1114 ε’νέύαλεν.

364 1156 447 1218 XII.
477 1138 507 1217 ί)
538 1143 573 1217 δὲ
603 1143 642 1224 δή
668 1146 907 1245 Βερκιγγέτορυξ
933 1155 988 1225 τήν
1014 1163 1071 1219 τοῦ
1096 1150 1254 1245 Καίσαρος
1276 1144 1379 1242 ἔφοδον
1472 1172 1473 1231 3

309 1261 479 1356 γνοὺς,τῆς
493 1256 669 1350 πολιορκίας
681 1258 891 1350 παυσάμενος,
900 1257 1002 1346 ἐκείνῳ
1016 1259 1152 1334 ἀπήντα·
1162 1261 1254 1352 έτυχε
1265 1247 1301 1323 II
1311 1258 1379 1326 τότε
1473 1292 1474 1357 ρ

308 1373 325 1434 ὁ
348 1371 469 1458 Καῖσαρ
495 1356 712 1452 Νοθιοθούνῳ,
737 1367 826 1432 πολιι
852 1376 913 1432 τῶν
941 1364 1144 1460 Βιτουρίγων,
1164 1369 1194 1431 ἐν
1221 1375 1262 1458 τῇ
1291 1368 1380 1430 αὐτοῦ
1473 1364 1474 1437 ᾗ

309 1465 378 1559 ώθῷ.
398 1472 536 1566 κειμένη,
556 1464 750 1563 προσθαλὼν.
777 1456 824 1537 Ex
854 1473 973 1549 ταύτης
999 1463 1034 1538 θὲ
1056 1458 1221 1565 τρέσθεων
1231 1473 1307 1565 πρὸς
1330 1472 1378 1536 τὸν
1473 1478 1474 1483 ’

308 1579 472 1671 Καίσαρα,
495 1587 551 1645 τοῦ
577 1577 759 1671 συγγνώμην
789 1576 883 1644 αἰτεῖν
915 1582 1023 1659 ἕνεκα,
1046 1565 1306 1670 πεμφθέντων,ὀ
1331 1578 1378 1668 μὲν
1473 1656 1474 1665 γ

308 1689 432 1777 Καῖσαρ
460 1695 500 1778 τῇ
526 1684 665 1767 συνήθει,
692 1674 734 1748 δι’
761 1681 797 1760 ής
822 1681 865 1748 τὰ
896 1683 999 1751 πολλὰ
1028 1684 1203 1777 κατώρθου,
1232 1687 1378 1776 χρώμενος
1473 1674 1474 1739 ¹

309 1797 405 1860 αὐτοῦ
424 1785 573 1872 ὀξύτητι,
594 1787 636 1858 τὰ
661 1789 714 1882 μὲν
739 1792 839 1873 ὅπλα,
861 1789 914 1857 καὶ
940 1790 1012 1868 τοὺς
1035 1783 1377 1883 ίππουςιπαραθοῦναι,

309 1897 361 1966 καὶ
387 1901 518 1990 ὁμήρους
549 1895 649 1990 ἀγειν,
674 1901 740 1988 τοῖς
765 1897 907 1973 πολίταις
930 1900 1102 1990 ἀπήγγειλε·
1131 1899 1239 1989 μέρους
1259 1887 1295 1964 θὲ
1321 1887 1376 1968 ἤθη

308 2013 370 2072 τῶν
402 2009 522 2096 ὁμήρων
556 1993 734 2084 δοθέντων,
757 2003 809 2069 καὶ
833 2013 897 2069 τῶν
926 2009 1041 2070 λοιπῶν
1068 2006 1305 2096 πρασσομένων,
1332 2004 1378 2068 καὶ

308 2120 398 2178 τινῶν
414 2118 476 2177 τῶν
489 2096 639 2202 Ρωμαίων
660 2101 851 2202 ταξιάρχων,
865 2119 922 2176 τοῦ
940 2109 982 2177 τὰ
995 2113 1079 2177 ύπλα
1091 2105 1261 2202 λαμύάνειν
1283 2113 1376 2191 ἕνεκα,

308 2218 348 2296 εἰς
368 2219 424 2292 την
446 2217 534 2284 πολιν
560 2217 628 2307 μετ’
655 2215 764 2309 ὀλίγων
792 2226 973 2308 ςρατιωτῶν
1007 2216 1217 2300 εἰσιόντων,ή
1248 2216 1304 2308 μὲν
1326 2223 1377 2282 τοῦ

308 2323 581 2417 Βερκιγγετύρυγος
599 2323 708 2403 ἵππος,
723 2331 779 2400 τῆς
798 2325 895 2388 αὐτοῦ
914 2322 1072 2417 φαλαγγος
1085 2329 1253 2416 προϊοῦσα,
1265 2323 1377 2414 πόρρω-

308 2430 354 2497 θεν
378 2433 412 2496 ἐκ
425 2439 482 2506 τῆς
494 2429 612 2505 πόλεως
633 2427 729 2522 ώφθη·
744 2427 780 2501 ἢν
797 2427 916 2520 τάχιςα
938 2429 966 2494 οἱ
986 2436 1113 2497 πολῖται
1128 2421 1246 2507 ίθύντες
1258 2479 1268 2513 ,
1282 2428 1332 2496 καὶ
1350 2431 1376 2494 έν

308 2528 411 2605 ἐλπίδι
435 2562 516 2613 τινος
545 2530 683 2613 ύοηθείας
705 2537 877 2629 γενόμενοι,
899 2541 1042 2631 κραυγήν,
1058 2535 1274 2628 ἀραντες,·ε’πί
1287 2562 1321 2602 τε
1341 2533 1377 2601 τά

307 2648 390 2713 ὅπλα
412 2644 549 2736 τρέχειν,
562 2642 612 2708 καὶ
633 2640 689 2721 τὰς
704 2644 803 2720 πύλας
822 2643 986 2734 φράττειν,
1001 2642 1053 2709 καὶ
1071 2649 1206 2710 ὁπλιτῶν
1224 2645 1264 2710 τὸ
1283 2650 1377 2733 τεῖχος

308 2752 501 2842 ἀναπληροῦν
520 2743 663 2841 ἤρξαντο.
692 2748 733 2814 Οἱ
761 2740 796 2813 θὲ
822 2739 862 2821 θη
894 2747 935 2825 εἰς
959 2752 1016 2822 τήν
1034 2750 1142 2833 πόλιν,
1160 2759 1217 2816 τοῦ
1241 2747 1286 2816 τὰ
1303 2753 1379 2816 ὅπλα

304 2852 473 2950 λαμύάνειν
493 2860 596 2938 ἕνεκα,
610 2848 767 2937 εἰσίοντες,
781 2857 817 2921 ἐκ
829 2856 948 2921 τούτων
962 2857 1034 2933 τοὺς
1049 2855 1187 2933 Γάλλους
1200 2849 1377 2949 νεωτερίζειν

307 2991 338 3031 τι
358 2960 614 3055 ἐννοούμενοι,τά
642 2955 711 3051 ξίφη
742 2962 948 3053 ἐσπασμένοι,
968 2960 1025 3040 τὰς
1049 2972 1107 3038 τῆς
1136 2962 1258 3039 πόλεως
1286 2963 1378 3038 πύλας

307 3071 474 3160 κατέσχον,
493 3069 544 3135 καὶ
562 3072 656 3145 σώους
676 3067 716 3145 εἰς
733 3069 771 3134 τὸ
787 3059 998 3159 ςρατόπεθον,
1011 3066 1061 3146 οὓς
1079 3070 1267 3160 μετ”αὐτῶν
1286 3070 1378 3163 ήγηύ·

307 3202 417 3268 χεσαν,
432 3176 558 3253 πάντας
570 3178 747 3270 ςρατιώτας
767 3176 931 3268 ἀνήγαγον.

360 3284 453 3349 XIII.
473 3267 502 3347 0
526 3274 561 3349 II
580 3286 700 3372 Καῖσαρ
719 3284 777 3355 τήν
798 3274 1039 3362 ἑαυτοῦίππον,
1056 3285 1091 3347 ἐκ
1109 3291 1166 3348 τοῦ
1184 3273 1378 3373 ςρατοπέθον

307 3384 458 3471 ἐξιοῦσαν,
477 3398 518 3483 τῇ
536 3399 598 3455 τῶν
616 3386 771 3479 πολεμίων
795 3389 881 3472 ἵππῳ
900 3388 1085 3479 ἱππομαχεῖν
1110 3390 1318 3481 παρήγγειλε,
1332 3385 1378 3454 καὶ

307 3506 451 3565 πονοῦσιν
469 3486 531 3569 ήθη
551 3503 615 3573 τοῖς
634 3499 744 3560 ἑαυτοῦ
762 3491 977 3586 τετρακοσίους
997 3494 1107 3571 ἱππέας
1127 3497 1317 3587 Γερμανούς,
1333 3493 1378 3569 σῦς

307 3603 354 3671 ἀεὶ
373 3603 438 3696 μεθ’
454 3604 564 3669 ἑαυτοῦ
583 3603 660 3693 ἔχειν
680 3600 792 3682 εἰώθει,
810 3600 850 3678 εἰς
870 3600 1041 3691 ἐπικουρίαν
1060 3598 1234 3693 ἐπέμψατο·
1254 3604 1379 3677 τούτους

308 3702 338 3777 θ’
357 3714 412 3777 οὐκ
431 3700 575 3795 ἐδέξαντο
595 3708 623 3774 οἱ
642 3710 777 3789 Γάλλοι,
791 3707 860 3773 ἀλλ’
874 3707 915 3783 είς
930 3710 1028 3800 φυγήν
1047 3710 1231 3800 τραπέντες,
1247 3708 1300 3775 καὶ
1312 3714 1380 3775 πολ.

306 3817 377 3895 λοὺς
393 3824 456 3883 τῶν
472 3816 623 3909 σφετέρων
639 3808 865 3896 ἀπούαλιίντις,
880 3814 955 3904 πρὸς
967 3814 1024 3886 τήν
1036 3824 1093 3880 τοῦ
1108 3816 1377 3908 Βερκιγγετύρνγος

308 3925 502 4016 ἀνεχώρησαν
521 3922 677 4016 φάλαγγα·
702 3923 815 3987 τούτου
838 3910 874 3985 θε
902 3921 1063 4013 γενομένου
1089 3919 1184 3987 πάλιν
1207 3920 1236 3987 οἱ
1257 3928 1378 3990 πολῖται

309 4024 510 4121 φοώηθέντες,
530 4030 600 4107 τοὺς
620 4030 673 4095 τὸν
691 4028 782 4119 ὄχλον
806 4015 1035 4120 θορυύήσαντας
1053 4021 1281 4113 συλλαώώντες,
1308 4028 1378 4118 πρὸς

310 4138 362 4203 τὸν
374 4208 379 4220 ,
391 4135 533 4228 Καίσαρα
552 4136 731 4229 ἀπήγαγον,
754 4133 805 4200 καὶ
829 4139 906 4224 σφάς
935 4134 1045 4210 αὐτοὺς
1065 4132 1168 4222 ἐκείνῳ
1186 4137 1376 4225 προσεχώρη·
1475 4169 1476 4186 ι
