<?xml version="1.0" encoding="UTF-8"?>
<!DOCTYPE html PUBLIC "-//W3C//DTD XHTML 1.0 Transitional//EN"
    "http://www.w3.org/TR/xhtml1/DTD/xhtml1-transitional.dtd">
<html xmlns="http://www.w3.org/1999/xhtml" xml:lang="en" lang="en">
 <head>
  <title>
</title>
<meta http-equiv="Content-Type" content="text/html;charset=utf-8" />
  <meta name='ocr-system' content='tesseract 3.04.00' />
  <meta name='ocr-capabilities' content='ocr_page ocr_carea ocr_par ocr_line ocrx_word'/>
</head>
<body>
  <div class='ocr_page' id='page_1' title='image "./caiusjuliuscsar00unkngoog_0419.png"; bbox 0 0 3000 5025; ppageno 0'>
   <div class='ocr_carea' id='block_1_1' title="bbox 335 485 1102 584">
    <p class='ocr_par' dir='ltr' id='par_1_1' title="bbox 335 485 1102 584">
     <span class='ocr_line' id='line_1_1' title="bbox 335 485 1102 584; baseline -0.008 -26"><span class='ocrx_word' id='word_1_1' title='bbox 335 486 409 584; x_wconf 73' lang='lat'><strong>378</strong></span> <span class='ocrx_word' id='word_1_2' title='bbox 615 490 666 557; x_wconf 81' lang='grc' dir='ltr'><strong>ο.</strong></span> <span class='ocrx_word' id='word_1_3' title='bbox 694 486 840 555; x_wconf 76' lang='lat' dir='ltr'><strong>mm</strong></span> <span class='ocrx_word' id='word_1_4' title='bbox 869 485 1102 555; x_wconf 74' lang='lat' dir='ltr'><strong>cAEsAffls</strong></span> 
     </span>
    </p>
   </div>
   <div class='ocr_carea' id='block_1_2' title="bbox 270 611 1481 4230">
    <p class='ocr_par' dir='ltr' id='par_1_2' title="bbox 270 611 1398 1885">
     <span class='ocr_line' id='line_1_2' title="bbox 332 611 1395 712; baseline -0.002 -25"><span class='ocrx_word' id='word_1_5' title='bbox 332 621 474 705; x_wconf 77' lang='grc' dir='ltr'><strong>ἠκηκόει,</strong></span> <span class='ocrx_word' id='word_1_6' title='bbox 493 624 574 712; x_wconf 89' lang='grc' dir='ltr'><strong>όμως</strong></span> <span class='ocrx_word' id='word_1_7' title='bbox 593 611 648 687; x_wconf 72' lang='grc' dir='ltr'><strong>διά</strong></span> <span class='ocrx_word' id='word_1_8' title='bbox 664 646 699 687; x_wconf 91' lang='grc' dir='ltr'><strong>τε</strong></span> <span class='ocrx_word' id='word_1_9' title='bbox 727 622 765 687; x_wconf 87' lang='grc' dir='ltr'><strong>τὸ</strong></span> <span class='ocrx_word' id='word_1_10' title='bbox 786 628 842 686; x_wconf 81' lang='grc' dir='ltr'><strong>τοῦ</strong></span> <span class='ocrx_word' id='word_1_11' title='bbox 860 621 1077 712; x_wconf 86' lang='grc' dir='ltr'><strong>ταρρεύματος</strong></span> <span class='ocrx_word' id='word_1_12' title='bbox 1098 613 1200 709; x_wconf 78' lang='grc' dir='ltr'><strong>εὖρος,</strong></span> <span class='ocrx_word' id='word_1_13' title='bbox 1219 616 1270 683; x_wconf 84' lang='grc' dir='ltr'><strong>καὶ</strong></span> <span class='ocrx_word' id='word_1_14' title='bbox 1289 619 1395 685; x_wconf 75' lang='grc' dir='ltr'><strong>τὸτοῦ</strong></span> 
     </span>
     <span class='ocr_line' id='line_1_3' title="bbox 332 723 1394 820; baseline -0.003 -27"><span class='ocrx_word' id='word_1_15' title='bbox 332 728 454 819; x_wconf 80' lang='grc' dir='ltr'>τείχους</span> <span class='ocrx_word' id='word_1_16' title='bbox 468 723 558 816; x_wconf 83' lang='grc' dir='ltr'>ὕψος,</span> <span class='ocrx_word' id='word_1_17' title='bbox 569 729 684 809; x_wconf 76' lang='grc' dir='ltr'><strong>αὐτην,</strong></span> <span class='ocrx_word' id='word_1_18' title='bbox 698 726 806 818; x_wconf 87' lang='grc' dir='ltr'><strong>καίπερ</strong></span> <span class='ocrx_word' id='word_1_19' title='bbox 819 727 900 793; x_wconf 88' lang='grc' dir='ltr'><strong>πάνυ</strong></span> <span class='ocrx_word' id='word_1_20' title='bbox 914 726 1023 820; x_wconf 88' lang='grc' dir='ltr'><strong>όλίγων</strong></span> <span class='ocrx_word' id='word_1_21' title='bbox 1039 726 1302 818; x_wconf 65' lang='grc' dir='ltr'><strong>ἀπομαχομένων,</strong></span> <span class='ocrx_word' id='word_1_22' title='bbox 1313 724 1394 815; x_wconf 86' lang='grc' dir='ltr'><strong>αἱρεῖν</strong></span> 
     </span>
     <span class='ocr_line' id='line_1_4' title="bbox 333 824 1396 925; baseline -0.005 -24"><span class='ocrx_word' id='word_1_23' title='bbox 333 837 388 901; x_wconf 84' lang='grc' dir='ltr'><strong>οὐκ</strong></span> <span class='ocrx_word' id='word_1_24' title='bbox 397 827 542 909; x_wconf 70' lang='grc' dir='ltr'><strong>ἠδυνήθη.</strong></span> <span class='ocrx_word' id='word_1_25' title='bbox 553 834 597 899; x_wconf 86' lang='grc' dir='ltr'><strong>Τὸ</strong></span> <span class='ocrx_word' id='word_1_26' title='bbox 610 832 664 925; x_wconf 84' lang='grc' dir='ltr'><strong>μὲν</strong></span> <span class='ocrx_word' id='word_1_27' title='bbox 677 828 728 899; x_wconf 80' lang='grc' dir='ltr'><strong>οὖν</strong></span> <span class='ocrx_word' id='word_1_28' title='bbox 740 824 936 925; x_wconf 75' lang='grc' dir='ltr'><strong>ςρατόπεάον</strong></span> <span class='ocrx_word' id='word_1_29' title='bbox 945 834 1119 924; x_wconf 78' lang='grc' dir='ltr'>ὀχυρώσας,</span> <span class='ocrx_word' id='word_1_30' title='bbox 1128 833 1229 925; x_wconf 80' lang='grc' dir='ltr'><strong>κριοὺς</strong></span> <span class='ocrx_word' id='word_1_31' title='bbox 1241 830 1293 898; x_wconf 84' lang='grc' dir='ltr'><strong>καὶ</strong></span> <span class='ocrx_word' id='word_1_32' title='bbox 1303 827 1396 897; x_wconf 77' lang='grc' dir='ltr'><strong>τᾶλλα</strong></span> 
     </span>
     <span class='ocr_line' id='line_1_5' title="bbox 332 929 1396 1032; baseline -0.002 -26"><span class='ocrx_word' id='word_1_33' title='bbox 332 941 439 1007; x_wconf 89' lang='grc' dir='ltr'><strong>πάντα</strong></span> <span class='ocrx_word' id='word_1_34' title='bbox 461 940 536 1031; x_wconf 86' lang='grc' dir='ltr'><strong>πρὸς</strong></span> <span class='ocrx_word' id='word_1_35' title='bbox 559 937 737 1031; x_wconf 79' lang='grc' dir='ltr'><strong>πολιορκίαν</strong></span> <span class='ocrx_word' id='word_1_36' title='bbox 760 933 1002 1032; x_wconf 79' lang='grc' dir='ltr'><strong>παρασκευάζειν</strong></span> <span class='ocrx_word' id='word_1_37' title='bbox 1022 932 1150 1029; x_wconf 74' lang='grc' dir='ltr'><strong>ἤρξατο·</strong></span> <span class='ocrx_word' id='word_1_38' title='bbox 1171 940 1323 1024; x_wconf 76' lang='grc' dir='ltr'><strong>ἐντούτῳ</strong></span> <span class='ocrx_word' id='word_1_39' title='bbox 1346 929 1396 1021; x_wconf 76' lang='grc' dir='ltr'><strong>δὲ,</strong></span> 
     </span>
     <span class='ocr_line' id='line_1_6' title="bbox 332 1043 1397 1139; baseline -0.004 -26"><span class='ocrx_word' id='word_1_40' title='bbox 332 1052 393 1114; x_wconf 88' lang='grc' dir='ltr'><strong>πάν</strong></span> <span class='ocrx_word' id='word_1_41' title='bbox 408 1048 445 1113; x_wconf 85' lang='grc' dir='ltr'><strong>τὸ</strong></span> <span class='ocrx_word' id='word_1_42' title='bbox 459 1056 521 1113; x_wconf 86' lang='grc' dir='ltr'><strong>τῶν</strong></span> <span class='ocrx_word' id='word_1_43' title='bbox 535 1045 735 1112; x_wconf 82' lang='grc' dir='ltr'><strong>Σουεσσιόνων</strong></span> <span class='ocrx_word' id='word_1_44' title='bbox 750 1045 865 1124; x_wconf 75' lang='grc' dir='ltr'><strong>πλῆθος</strong></span> <span class='ocrx_word' id='word_1_45' title='bbox 880 1048 914 1113; x_wconf 79' lang='grc' dir='ltr'><strong>ἐκ</strong></span> <span class='ocrx_word' id='word_1_46' title='bbox 927 1055 984 1123; x_wconf 78' lang='grc' dir='ltr'><strong>τῆς</strong></span> <span class='ocrx_word' id='word_1_47' title='bbox 998 1054 1113 1139; x_wconf 81' lang='grc' dir='ltr'><strong>φυγῆς,</strong></span> <span class='ocrx_word' id='word_1_48' title='bbox 1124 1054 1165 1138; x_wconf 70' lang='grc' dir='ltr'><strong>τῇ</strong></span> <span class='ocrx_word' id='word_1_49' title='bbox 1179 1046 1306 1139; x_wconf 76' lang='grc' dir='ltr'><strong>ίπιούσρ</strong></span> <span class='ocrx_word' id='word_1_50' title='bbox 1319 1043 1397 1111; x_wconf 87' lang='grc' dir='ltr'><strong>νυκτὶ</strong></span> 
     </span>
     <span class='ocr_line' id='line_1_7' title="bbox 332 1142 1397 1245; baseline -0.003 -26"><span class='ocrx_word' id='word_1_51' title='bbox 332 1151 373 1231; x_wconf 84' lang='grc' dir='ltr'><strong>εἰς</strong></span> <span class='ocrx_word' id='word_1_52' title='bbox 386 1154 504 1226; x_wconf 89' lang='grc' dir='ltr'><strong>ταύτην</strong></span> <span class='ocrx_word' id='word_1_53' title='bbox 519 1154 575 1225; x_wconf 81' lang='grc' dir='ltr'><strong>τὴν</strong></span> <span class='ocrx_word' id='word_1_54' title='bbox 590 1152 679 1219; x_wconf 87' lang='grc' dir='ltr'><strong>πόλιν</strong></span> <span class='ocrx_word' id='word_1_55' title='bbox 695 1152 900 1244; x_wconf 83' lang='grc' dir='ltr'><strong>ἀνεχώρησαν·</strong></span> <span class='ocrx_word' id='word_1_56' title='bbox 915 1151 1000 1229; x_wconf 74' lang='grc' dir='ltr'><strong>εὐθὺς</strong></span> <span class='ocrx_word' id='word_1_57' title='bbox 1014 1142 1049 1217; x_wconf 78' lang='grc' dir='ltr'><strong>ἀὲ</strong></span> <span class='ocrx_word' id='word_1_58' title='bbox 1065 1160 1122 1217; x_wconf 81' lang='grc' dir='ltr'><strong>τοῦ</strong></span> <span class='ocrx_word' id='word_1_59' title='bbox 1132 1149 1292 1245; x_wconf 80' lang='grc' dir='ltr'><strong>Καίσαρος</strong></span> <span class='ocrx_word' id='word_1_60' title='bbox 1304 1150 1355 1217; x_wconf 88' lang='grc' dir='ltr'><strong>τόν</strong></span> <span class='ocrx_word' id='word_1_61' title='bbox 1368 1176 1397 1217; x_wconf 90' lang='grc' dir='ltr'><strong>τε</strong></span> 
     </span>
     <span class='ocr_line' id='line_1_8' title="bbox 270 1244 1397 1353; baseline 0 -28"><span class='ocrx_word' id='word_1_62' title='bbox 270 1244 276 1260; x_wconf 64' lang='grc'><strong>’</strong></span> <span class='ocrx_word' id='word_1_63' title='bbox 333 1260 414 1353; x_wconf 92' lang='grc' dir='ltr'><strong>κριὸν</strong></span> <span class='ocrx_word' id='word_1_64' title='bbox 431 1259 701 1353; x_wconf 78' lang='grc' dir='ltr'><strong>προσαγαγόντος,</strong></span> <span class='ocrx_word' id='word_1_65' title='bbox 713 1259 766 1325; x_wconf 87' lang='grc' dir='ltr'><strong>καὶ</strong></span> <span class='ocrx_word' id='word_1_66' title='bbox 787 1261 912 1351; x_wconf 77' lang='grc' dir='ltr'><strong>χώματι</strong></span> <span class='ocrx_word' id='word_1_67' title='bbox 929 1252 1170 1350; x_wconf 78' lang='grc' dir='ltr'><strong>περιόαλόντος,</strong></span> <span class='ocrx_word' id='word_1_68' title='bbox 1185 1268 1259 1335; x_wconf 82' lang='grc' dir='ltr'><strong>τούς</strong></span> <span class='ocrx_word' id='word_1_69' title='bbox 1278 1282 1313 1323; x_wconf 88' lang='grc' dir='ltr'><strong>τε</strong></span> <span class='ocrx_word' id='word_1_70' title='bbox 1329 1260 1397 1349; x_wconf 74' lang='grc' dir='ltr'><strong>τπίρ·</strong></span> 
     </span>
     <span class='ocr_line' id='line_1_9' title="bbox 332 1358 1398 1460; baseline -0.003 -28"><span class='ocrx_word' id='word_1_71' title='bbox 332 1390 403 1460; x_wconf 89' lang='grc' dir='ltr'><strong>γους</strong></span> <span class='ocrx_word' id='word_1_72' title='bbox 417 1368 655 1443; x_wconf 77' lang='grc' dir='ltr'><strong>καταςόσαντος</strong></span> <span class='ocrx_word' id='word_1_73' title='bbox 666 1416 675 1447; x_wconf 92' lang='grc'><strong>,</strong></span> <span class='ocrx_word' id='word_1_74' title='bbox 688 1374 728 1458; x_wconf 78' lang='grc' dir='ltr'><strong>τῇ</strong></span> <span class='ocrx_word' id='word_1_75' title='bbox 743 1365 935 1460; x_wconf 87' lang='grc' dir='ltr'><strong>μεγαλότητι</strong></span> <span class='ocrx_word' id='word_1_76' title='bbox 949 1373 1011 1435; x_wconf 83' lang='grc' dir='ltr'><strong>τῶν</strong></span> <span class='ocrx_word' id='word_1_77' title='bbox 1027 1363 1138 1459; x_wconf 76' lang='grc' dir='ltr'><strong>ἔργων,</strong></span> <span class='ocrx_word' id='word_1_78' title='bbox 1152 1358 1172 1428; x_wconf 87' lang='grc' dir='ltr'><strong>ἀ</strong></span> <span class='ocrx_word' id='word_1_79' title='bbox 1189 1365 1305 1433; x_wconf 81' lang='grc' dir='ltr'><strong>οὔποτε</strong></span> <span class='ocrx_word' id='word_1_80' title='bbox 1317 1364 1398 1456; x_wconf 83' lang='grc' dir='ltr'><strong>ἑωρά-</strong></span> 
     </span>
     <span class='ocr_line' id='line_1_10' title="bbox 333 1456 1397 1565; baseline -0.004 -26"><span class='ocrx_word' id='word_1_81' title='bbox 333 1497 424 1539; x_wconf 89' lang='grc' dir='ltr'><strong>κεσαν</strong></span> <span class='ocrx_word' id='word_1_82' title='bbox 440 1472 467 1539; x_wconf 82' lang='grc' dir='ltr'><strong>οἱ</strong></span> <span class='ocrx_word' id='word_1_83' title='bbox 479 1469 609 1555; x_wconf 77' lang='grc' dir='ltr'><strong>Γάλλοι,</strong></span> <span class='ocrx_word' id='word_1_84' title='bbox 620 1463 686 1539; x_wconf 71' lang='grc' dir='ltr'><strong>οὐδ’</strong></span> <span class='ocrx_word' id='word_1_85' title='bbox 700 1473 870 1547; x_wconf 87' lang='grc' dir='ltr'><strong>η’κηκόεσιιν</strong></span> <span class='ocrx_word' id='word_1_86' title='bbox 879 1523 889 1557; x_wconf 92' lang='grc'><strong>,</strong></span> <span class='ocrx_word' id='word_1_87' title='bbox 898 1471 951 1539; x_wconf 86' lang='grc' dir='ltr'><strong>καὶ</strong></span> <span class='ocrx_word' id='word_1_88' title='bbox 964 1482 1005 1565; x_wconf 80' lang='grc' dir='ltr'><strong>τῇ</strong></span> <span class='ocrx_word' id='word_1_89' title='bbox 1015 1479 1079 1537; x_wconf 82' lang='grc' dir='ltr'><strong>τῶν</strong></span> <span class='ocrx_word' id='word_1_90' title='bbox 1090 1456 1242 1561; x_wconf 70' lang='grc' dir='ltr'><strong>Ρωμαίων</strong></span> <span class='ocrx_word' id='word_1_91' title='bbox 1252 1474 1397 1561; x_wconf 81' lang='grc' dir='ltr'><strong>παχύτητι</strong></span> 
     </span>
     <span class='ocr_line' id='line_1_11' title="bbox 333 1572 1396 1672; baseline -0.002 -27"><span class='ocrx_word' id='word_1_92' title='bbox 333 1580 555 1672; x_wconf 77' lang='grc' dir='ltr'><strong>ἐκπλαγέντες,</strong></span> <span class='ocrx_word' id='word_1_93' title='bbox 575 1572 715 1671; x_wconf 78' lang='grc' dir='ltr'><strong>πρέσόεις</strong></span> <span class='ocrx_word' id='word_1_94' title='bbox 738 1587 784 1665; x_wconf 84' lang='grc' dir='ltr'><strong>τῷ</strong></span> <span class='ocrx_word' id='word_1_95' title='bbox 809 1578 943 1671; x_wconf 85' lang='grc' dir='ltr'><strong>Καίσαρι</strong></span> <span class='ocrx_word' id='word_1_96' title='bbox 965 1583 1034 1671; x_wconf 82' lang='grc' dir='ltr'><strong>περὶ</strong></span> <span class='ocrx_word' id='word_1_97' title='bbox 1054 1580 1297 1671; x_wconf 64' lang='grc' dir='ltr'><strong>προσχωρήσεως</strong></span> <span class='ocrx_word' id='word_1_98' title='bbox 1314 1579 1396 1668; x_wconf 79' lang='grc' dir='ltr'><strong>ἀπεμ-</strong></span> 
     </span>
     <span class='ocr_line' id='line_1_12' title="bbox 334 1670 1397 1778; baseline -0.001 -27"><span class='ocrx_word' id='word_1_99' title='bbox 334 1682 405 1773; x_wconf 73' lang='grc' dir='ltr'><strong>ψαν·</strong></span> <span class='ocrx_word' id='word_1_100' title='bbox 420 1684 471 1751; x_wconf 86' lang='grc' dir='ltr'><strong>καὶ</strong></span> <span class='ocrx_word' id='word_1_101' title='bbox 490 1695 551 1752; x_wconf 82' lang='grc' dir='ltr'><strong>τῶν</strong></span> <span class='ocrx_word' id='word_1_102' title='bbox 566 1670 677 1777; x_wconf 68' lang='grc' dir='ltr'><strong>Ριίμων</strong></span> <span class='ocrx_word' id='word_1_103' title='bbox 698 1677 865 1778; x_wconf 78' lang='grc' dir='ltr'><strong>δεομένων,</strong></span> <span class='ocrx_word' id='word_1_104' title='bbox 880 1676 923 1750; x_wconf 72' lang='grc' dir='ltr'><strong>δι’</strong></span> <span class='ocrx_word' id='word_1_105' title='bbox 937 1679 1039 1751; x_wconf 70' lang='grc' dir='ltr'><strong>αὐτῶν</strong></span> <span class='ocrx_word' id='word_1_106' title='bbox 1051 1736 1061 1768; x_wconf 89' lang='grc'><strong>,</strong></span> <span class='ocrx_word' id='word_1_107' title='bbox 1075 1685 1114 1751; x_wconf 87' lang='grc' dir='ltr'><strong>τὸ</strong></span> <span class='ocrx_word' id='word_1_108' title='bbox 1127 1679 1310 1777; x_wconf 73' lang='grc' dir='ltr'><strong>ἀνυύρίςους</strong></span> <span class='ocrx_word' id='word_1_109' title='bbox 1330 1688 1397 1774; x_wconf 79' lang='grc' dir='ltr'><strong>σφᾶς</strong></span> 
     </span>
     <span class='ocr_line' id='line_1_13' title="bbox 334 1782 821 1885; baseline 0.006 -28"><span class='ocrx_word' id='word_1_110' title='bbox 334 1782 612 1881; x_wconf 75' lang='grc' dir='ltr'><strong>διαφυλάττεσθαι,</strong></span> <span class='ocrx_word' id='word_1_111' title='bbox 626 1790 821 1885; x_wconf 79' lang='grc' dir='ltr'><strong>ἐκομίσαντο.</strong></span> 
     </span>
    </p>

    <p class='ocr_par' dir='ltr' id='par_1_3' title="bbox 307 1883 1481 3482">
     <span class='ocr_line' id='line_1_14' title="bbox 386 1883 1397 1992; baseline -0.004 -27"><span class='ocrx_word' id='word_1_112' title='bbox 386 1900 482 1965; x_wconf 87' lang='grc' dir='ltr'><strong>ΧΙΙΙ.</strong></span> <span class='ocrx_word' id='word_1_113' title='bbox 498 1883 529 1963; x_wconf 82' lang='grc' dir='ltr'><strong>ί)</strong></span> <span class='ocrx_word' id='word_1_114' title='bbox 545 1900 651 1991; x_wconf 83' lang='grc' dir='ltr'><strong>μέντοι</strong></span> <span class='ocrx_word' id='word_1_115' title='bbox 662 1902 784 1992; x_wconf 82' lang='grc' dir='ltr'><strong>Καῖσαρ</strong></span> <span class='ocrx_word' id='word_1_116' title='bbox 800 1900 931 1991; x_wconf 86' lang='grc' dir='ltr'><strong>όμιόρους</strong></span> <span class='ocrx_word' id='word_1_117' title='bbox 949 1898 1021 1975; x_wconf 85' lang='grc' dir='ltr'><strong>τοὺς</strong></span> <span class='ocrx_word' id='word_1_118' title='bbox 1039 1900 1180 1989; x_wconf 84' lang='grc' dir='ltr'><strong>πρώτους</strong></span> <span class='ocrx_word' id='word_1_119' title='bbox 1201 1908 1259 1976; x_wconf 66' lang='grc' dir='ltr'><strong>τῆς</strong></span> <span class='ocrx_word' id='word_1_120' title='bbox 1276 1898 1397 1979; x_wconf 80' lang='grc' dir='ltr'><strong>πόλεως,</strong></span> 
     </span>
     <span class='ocr_line' id='line_1_15' title="bbox 334 1996 1481 2089; baseline -0.002 -18"><span class='ocrx_word' id='word_1_121' title='bbox 334 2004 386 2071; x_wconf 84' lang='grc' dir='ltr'><strong>καὶ</strong></span> <span class='ocrx_word' id='word_1_122' title='bbox 403 2007 433 2071; x_wconf 82' lang='grc' dir='ltr'><strong>ε’ν</strong></span> <span class='ocrx_word' id='word_1_123' title='bbox 448 2005 571 2082; x_wconf 87' lang='grc' dir='ltr'><strong>τούτοις</strong></span> <span class='ocrx_word' id='word_1_124' title='bbox 591 2005 664 2083; x_wconf 82' lang='grc' dir='ltr'><strong>τοὺς</strong></span> <span class='ocrx_word' id='word_1_125' title='bbox 687 2009 784 2071; x_wconf 81' lang='grc' dir='ltr'><strong>αὐτοῦ</strong></span> <span class='ocrx_word' id='word_1_126' title='bbox 802 2014 859 2071; x_wconf 82' lang='grc' dir='ltr'><strong>τοῦ</strong></span> <span class='ocrx_word' id='word_1_127' title='bbox 883 2000 1030 2082; x_wconf 76' lang='grc' dir='ltr'><strong>ύασιλέως</strong></span> <span class='ocrx_word' id='word_1_128' title='bbox 1046 1999 1156 2072; x_wconf 76' lang='grc' dir='ltr'><strong>Γάλόα</strong></span> <span class='ocrx_word' id='word_1_129' title='bbox 1172 1996 1230 2071; x_wconf 65' lang='grc' dir='ltr'><strong>δύο</strong></span> <span class='ocrx_word' id='word_1_130' title='bbox 1245 2001 1397 2087; x_wconf 81' lang='grc' dir='ltr'><strong>υίοὺς,καὶ</strong></span> <span class='ocrx_word' id='word_1_131' title='bbox 1480 2080 1481 2089; x_wconf 35' lang='grc'><strong>,</strong></span> 
     </span>
     <span class='ocr_line' id='line_1_16' title="bbox 333 2106 1397 2202; baseline -0.002 -25"><span class='ocrx_word' id='word_1_132' title='bbox 333 2106 497 2179; x_wconf 76' lang='grc' dir='ltr'><strong>πάντατὰ</strong></span> <span class='ocrx_word' id='word_1_133' title='bbox 518 2121 575 2189; x_wconf 76' lang='grc' dir='ltr'><strong>τῆς</strong></span> <span class='ocrx_word' id='word_1_134' title='bbox 589 2111 707 2189; x_wconf 89' lang='grc' dir='ltr'><strong>πόλεως</strong></span> <span class='ocrx_word' id='word_1_135' title='bbox 730 2112 814 2178; x_wconf 88' lang='grc' dir='ltr'><strong>όπλιι</strong></span> <span class='ocrx_word' id='word_1_136' title='bbox 835 2106 962 2195; x_wconf 79' lang='grc' dir='ltr'><strong>λαύὼν,</strong></span> <span class='ocrx_word' id='word_1_137' title='bbox 983 2111 1055 2189; x_wconf 83' lang='grc' dir='ltr'><strong>τοὺς</strong></span> <span class='ocrx_word' id='word_1_138' title='bbox 1073 2112 1128 2202; x_wconf 74' lang='grc' dir='ltr'><strong>μὲν</strong></span> <span class='ocrx_word' id='word_1_139' title='bbox 1155 2110 1349 2188; x_wconf 82' lang='grc' dir='ltr'><strong>Σουεσσίονας</strong></span> <span class='ocrx_word' id='word_1_140' title='bbox 1365 2108 1397 2187; x_wconf 83' lang='grc' dir='ltr'><strong>εἰς</strong></span> 
     </span>
     <span class='ocr_line' id='line_1_17' title="bbox 334 2207 1399 2311; baseline -0.002 -28"><span class='ocrx_word' id='word_1_141' title='bbox 334 2218 545 2309; x_wconf 86' lang='grc' dir='ltr'><strong>προσχώρησιν</strong></span> <span class='ocrx_word' id='word_1_142' title='bbox 566 2209 705 2295; x_wconf 74' lang='grc' dir='ltr'><strong>ἐδέξατο.</strong></span> <span class='ocrx_word' id='word_1_143' title='bbox 720 2216 775 2294; x_wconf 81' lang='grc' dir='ltr'><strong>Εἰς</strong></span> <span class='ocrx_word' id='word_1_144' title='bbox 794 2207 829 2283; x_wconf 78' lang='grc' dir='ltr'><strong>ἀὲ</strong></span> <span class='ocrx_word' id='word_1_145' title='bbox 847 2218 904 2285; x_wconf 76' lang='grc' dir='ltr'><strong>τὴν</strong></span> <span class='ocrx_word' id='word_1_146' title='bbox 924 2225 986 2284; x_wconf 88' lang='grc' dir='ltr'><strong>τῶν</strong></span> <span class='ocrx_word' id='word_1_147' title='bbox 1005 2213 1207 2289; x_wconf 75' lang='grc' dir='ltr'><strong>Βελλούάκων</strong></span> <span class='ocrx_word' id='word_1_148' title='bbox 1225 2221 1328 2311; x_wconf 85' lang='grc' dir='ltr'><strong>χώραν</strong></span> <span class='ocrx_word' id='word_1_149' title='bbox 1345 2216 1399 2281; x_wconf 81' lang='grc' dir='ltr'><strong>ἐνί·</strong></span> 
     </span>
     <span class='ocr_line' id='line_1_18' title="bbox 335 2317 1400 2417; baseline 0.001 -30"><span class='ocrx_word' id='word_1_150' title='bbox 335 2317 438 2389; x_wconf 77' lang='grc' dir='ltr'><strong>όαλεν·</strong></span> <span class='ocrx_word' id='word_1_151' title='bbox 454 2320 482 2390; x_wconf 76' lang='grc' dir='ltr'><strong>οἳ</strong></span> <span class='ocrx_word' id='word_1_152' title='bbox 501 2325 629 2400; x_wconf 81' lang='grc' dir='ltr'><strong>ἑαυτούς</strong></span> <span class='ocrx_word' id='word_1_153' title='bbox 644 2348 679 2391; x_wconf 86' lang='grc' dir='ltr'><strong>τε</strong></span> <span class='ocrx_word' id='word_1_154' title='bbox 694 2321 746 2391; x_wconf 81' lang='grc' dir='ltr'><strong>καὶ</strong></span> <span class='ocrx_word' id='word_1_155' title='bbox 760 2323 865 2390; x_wconf 79' lang='grc' dir='ltr'><strong>πιόντα</strong></span> <span class='ocrx_word' id='word_1_156' title='bbox 879 2321 922 2391; x_wconf 87' lang='grc' dir='ltr'><strong>τά</strong></span> <span class='ocrx_word' id='word_1_157' title='bbox 936 2331 1019 2416; x_wconf 83' lang='grc' dir='ltr'><strong>σρῶν</strong></span> <span class='ocrx_word' id='word_1_158' title='bbox 1038 2322 1079 2401; x_wconf 84' lang='grc' dir='ltr'><strong>εἰς</strong></span> <span class='ocrx_word' id='word_1_159' title='bbox 1093 2325 1183 2391; x_wconf 86' lang='grc' dir='ltr'><strong>πόλιν</strong></span> <span class='ocrx_word' id='word_1_160' title='bbox 1197 2322 1400 2417; x_wconf 86' lang='grc' dir='ltr'><strong>Βρατουσπιίν-</strong></span> 
     </span>
     <span class='ocr_line' id='line_1_19' title="bbox 335 2426 1399 2526; baseline -0.002 -30"><span class='ocrx_word' id='word_1_161' title='bbox 335 2455 399 2496; x_wconf 88' lang='grc' dir='ltr'><strong>τιον</strong></span> <span class='ocrx_word' id='word_1_162' title='bbox 428 2431 617 2522; x_wconf 79' lang='grc' dir='ltr'><strong>καλουμένην</strong></span> <span class='ocrx_word' id='word_1_163' title='bbox 645 2428 914 2524; x_wconf 86' lang='grc' dir='ltr'><strong>συναθροίσαντες,</strong></span> <span class='ocrx_word' id='word_1_164' title='bbox 933 2433 1042 2498; x_wconf 77' lang='grc' dir='ltr'><strong>ἔπειτα</strong></span> <span class='ocrx_word' id='word_1_165' title='bbox 1066 2441 1125 2498; x_wconf 78' lang='grc' dir='ltr'><strong>τοῦ</strong></span> <span class='ocrx_word' id='word_1_166' title='bbox 1148 2430 1306 2526; x_wconf 76' lang='grc' dir='ltr'><strong>Καίσαρος</strong></span> <span class='ocrx_word' id='word_1_167' title='bbox 1332 2426 1399 2522; x_wconf 83' lang='grc' dir='ltr'><strong>μετά</strong></span> 
     </span>
     <span class='ocr_line' id='line_1_20' title="bbox 335 2528 1399 2630; baseline -0.001 -28"><span class='ocrx_word' id='word_1_168' title='bbox 335 2545 392 2603; x_wconf 77' lang='grc' dir='ltr'><strong>τοῦ</strong></span> <span class='ocrx_word' id='word_1_169' title='bbox 411 2547 530 2629; x_wconf 81' lang='grc' dir='ltr'><strong>ςρατοῢ</strong></span> <span class='ocrx_word' id='word_1_170' title='bbox 553 2538 614 2604; x_wconf 89' lang='grc' dir='ltr'><strong>ἀπὸ</strong></span> <span class='ocrx_word' id='word_1_171' title='bbox 640 2539 758 2616; x_wconf 77' lang='grc' dir='ltr'><strong>ταύτης</strong></span> <span class='ocrx_word' id='word_1_172' title='bbox 785 2528 883 2615; x_wconf 78' lang='grc' dir='ltr'><strong>ςάδια</strong></span> <span class='ocrx_word' id='word_1_173' title='bbox 906 2543 947 2616; x_wconf 85' lang='grc' dir='ltr'><strong>ὡς</strong></span> <span class='ocrx_word' id='word_1_174' title='bbox 968 2538 1202 2630; x_wconf 90' lang='grc' dir='ltr'><strong>τεσσαράκοντα</strong></span> <span class='ocrx_word' id='word_1_175' title='bbox 1231 2540 1399 2627; x_wconf 77' lang='grc' dir='ltr'><strong>ἀρτςῶτος,</strong></span> 
     </span>
     <span class='ocr_line' id='line_1_21' title="bbox 335 2631 1399 2738; baseline 0.006 -29"><span class='ocrx_word' id='word_1_176' title='bbox 335 2650 457 2734; x_wconf 84' lang='grc' dir='ltr'><strong>πρῶτον</strong></span> <span class='ocrx_word' id='word_1_177' title='bbox 473 2644 527 2736; x_wconf 83' lang='grc' dir='ltr'><strong>μὲν</strong></span> <span class='ocrx_word' id='word_1_178' title='bbox 542 2644 656 2723; x_wconf 88' lang='grc' dir='ltr'><strong>πάντες</strong></span> <span class='ocrx_word' id='word_1_179' title='bbox 671 2645 699 2710; x_wconf 89' lang='grc' dir='ltr'><strong>οἱ</strong></span> <span class='ocrx_word' id='word_1_180' title='bbox 717 2646 836 2722; x_wconf 85' lang='grc' dir='ltr'><strong>ταύτης</strong></span> <span class='ocrx_word' id='word_1_181' title='bbox 856 2656 912 2724; x_wconf 78' lang='grc' dir='ltr'><strong>τῆς</strong></span> <span class='ocrx_word' id='word_1_182' title='bbox 933 2645 1052 2721; x_wconf 87' lang='grc' dir='ltr'><strong>πόλεως</strong></span> <span class='ocrx_word' id='word_1_183' title='bbox 1069 2631 1287 2738; x_wconf 78' lang='grc' dir='ltr'><strong>πρεσόύτεροι,</strong></span> <span class='ocrx_word' id='word_1_184' title='bbox 1302 2647 1335 2711; x_wconf 81' lang='grc' dir='ltr'><strong>ἐκ</strong></span> <span class='ocrx_word' id='word_1_185' title='bbox 1353 2653 1399 2720; x_wconf 76' lang='grc' dir='ltr'><strong>τῆς</strong></span> 
     </span>
     <span class='ocr_line' id='line_1_22' title="bbox 335 2746 1399 2844; baseline 0 -28"><span class='ocrx_word' id='word_1_186' title='bbox 335 2747 453 2828; x_wconf 88' lang='grc' dir='ltr'><strong>πόλεως</strong></span> <span class='ocrx_word' id='word_1_187' title='bbox 480 2755 565 2838; x_wconf 82' lang='grc' dir='ltr'><strong>αὐτῷ</strong></span> <span class='ocrx_word' id='word_1_188' title='bbox 584 2749 641 2828; x_wconf 82' lang='grc' dir='ltr'><strong>τὰς</strong></span> <span class='ocrx_word' id='word_1_189' title='bbox 666 2758 769 2843; x_wconf 83' lang='grc' dir='ltr'><strong>χεῖρας</strong></span> <span class='ocrx_word' id='word_1_190' title='bbox 790 2751 1018 2834; x_wconf 83' lang='grc' dir='ltr'><strong>ἀνατείνοντες,</strong></span> <span class='ocrx_word' id='word_1_191' title='bbox 1034 2746 1146 2833; x_wconf 76' lang='grc' dir='ltr'><strong>ἦλθον,</strong></span> <span class='ocrx_word' id='word_1_192' title='bbox 1171 2750 1223 2817; x_wconf 86' lang='grc' dir='ltr'><strong>καὶ</strong></span> <span class='ocrx_word' id='word_1_193' title='bbox 1251 2761 1335 2844; x_wconf 75' lang='grc' dir='ltr'><strong>φωνῇ</strong></span> <span class='ocrx_word' id='word_1_194' title='bbox 1354 2773 1399 2822; x_wconf 83' lang='grc' dir='ltr'><strong>οη·</strong></span> 
     </span>
     <span class='ocr_line' id='line_1_23' title="bbox 336 2851 1401 2949; baseline 0.001 -28"><span class='ocrx_word' id='word_1_195' title='bbox 336 2853 451 2947; x_wconf 84' lang='grc' dir='ltr'><strong>μαίνειν</strong></span> <span class='ocrx_word' id='word_1_196' title='bbox 478 2851 621 2949; x_wconf 79' lang='grc' dir='ltr'><strong>ἤρξαντο·</strong></span> <span class='ocrx_word' id='word_1_197' title='bbox 647 2857 758 2935; x_wconf 71' lang='grc' dir='ltr'><strong>αὑτοὺς</strong></span> <span class='ocrx_word' id='word_1_198' title='bbox 777 2857 818 2934; x_wconf 87' lang='grc' dir='ltr'><strong>είς</strong></span> <span class='ocrx_word' id='word_1_199' title='bbox 843 2883 879 2924; x_wconf 90' lang='grc' dir='ltr'><strong>τε</strong></span> <span class='ocrx_word' id='word_1_200' title='bbox 904 2860 961 2931; x_wconf 71' lang='grc' dir='ltr'><strong>τὴν</strong></span> <span class='ocrx_word' id='word_1_201' title='bbox 985 2867 1043 2923; x_wconf 78' lang='grc' dir='ltr'><strong>τοῦ</strong></span> <span class='ocrx_word' id='word_1_202' title='bbox 1065 2856 1222 2949; x_wconf 79' lang='grc' dir='ltr'><strong>Καίσαρος</strong></span> <span class='ocrx_word' id='word_1_203' title='bbox 1247 2856 1333 2934; x_wconf 83' lang='grc' dir='ltr'><strong>πίςιν</strong></span> <span class='ocrx_word' id='word_1_204' title='bbox 1359 2854 1401 2922; x_wconf 83' lang='grc' dir='ltr'><strong>κά</strong></span> 
     </span>
     <span class='ocr_line' id='line_1_24' title="bbox 307 2949 1400 3056; baseline 0.004 -34"><span class='ocrx_word' id='word_1_205' title='bbox 307 3019 308 3022; x_wconf 74' lang='grc'><strong>,</strong></span> <span class='ocrx_word' id='word_1_206' title='bbox 337 2953 464 3055; x_wconf 76' lang='grc' dir='ltr'><strong>δύναμιν</strong></span> <span class='ocrx_word' id='word_1_207' title='bbox 487 2959 599 3042; x_wconf 74' lang='grc' dir='ltr'><strong>ἐλθεῖν,</strong></span> <span class='ocrx_word' id='word_1_208' title='bbox 614 2963 685 3030; x_wconf 88' lang='grc' dir='ltr'><strong>ούτε</strong></span> <span class='ocrx_word' id='word_1_209' title='bbox 704 2961 788 3030; x_wconf 79' lang='grc' dir='ltr'><strong>κατὰ</strong></span> <span class='ocrx_word' id='word_1_210' title='bbox 807 2973 869 3029; x_wconf 82' lang='grc' dir='ltr'><strong>τῶν</strong></span> <span class='ocrx_word' id='word_1_211' title='bbox 893 2949 1043 3056; x_wconf 64' lang='grc' dir='ltr'><strong>ῥωμαίων</strong></span> <span class='ocrx_word' id='word_1_212' title='bbox 1067 2969 1221 3054; x_wconf 79' lang='grc' dir='ltr'><strong>πολεμεῖν·</strong></span> <span class='ocrx_word' id='word_1_213' title='bbox 1245 2965 1352 3031; x_wconf 79' lang='grc' dir='ltr'><strong>ἔπειτα</strong></span> <span class='ocrx_word' id='word_1_214' title='bbox 1372 2953 1400 3027; x_wconf 75' lang='grc' dir='ltr'><strong>ἀί</strong></span> 
     </span>
     <span class='ocr_line' id='line_1_25' title="bbox 337 3060 1401 3164; baseline -0.002 -29"><span class='ocrx_word' id='word_1_215' title='bbox 337 3071 433 3135; x_wconf 83' lang='grc' dir='ltr'><strong>αὐτοῦ</strong></span> <span class='ocrx_word' id='word_1_216' title='bbox 448 3071 522 3162; x_wconf 84' lang='grc' dir='ltr'><strong>πρὸς</strong></span> <span class='ocrx_word' id='word_1_217' title='bbox 537 3072 595 3142; x_wconf 74' lang='grc' dir='ltr'><strong>τὴν</strong></span> <span class='ocrx_word' id='word_1_218' title='bbox 609 3070 698 3138; x_wconf 83' lang='grc' dir='ltr'><strong>πολιν</strong></span> <span class='ocrx_word' id='word_1_219' title='bbox 712 3073 982 3164; x_wconf 84' lang='grc' dir='ltr'><strong>παραγενομένου,</strong></span> <span class='ocrx_word' id='word_1_220' title='bbox 995 3069 1046 3137; x_wconf 87' lang='grc' dir='ltr'><strong>καὶ</strong></span> <span class='ocrx_word' id='word_1_221' title='bbox 1060 3069 1192 3139; x_wconf 76' lang='grc' dir='ltr'><strong>ἐνταῦθα</strong></span> <span class='ocrx_word' id='word_1_222' title='bbox 1207 3060 1401 3162; x_wconf 78' lang='grc' dir='ltr'><strong>ςρατοπεάεύ</strong></span> 
     </span>
     <span class='ocr_line' id='line_1_26' title="bbox 337 3168 1400 3271; baseline -0.004 -30"><span class='ocrx_word' id='word_1_223' title='bbox 337 3200 469 3258; x_wconf 87' lang='grc' dir='ltr'><strong>σαντος,</strong></span> <span class='ocrx_word' id='word_1_224' title='bbox 484 3176 514 3242; x_wconf 86' lang='grc' dir='ltr'><strong>οἵ</strong></span> <span class='ocrx_word' id='word_1_225' title='bbox 526 3201 561 3242; x_wconf 87' lang='grc' dir='ltr'><strong>τε</strong></span> <span class='ocrx_word' id='word_1_226' title='bbox 580 3168 689 3253; x_wconf 73' lang='grc' dir='ltr'><strong>παῖδες</strong></span> <span class='ocrx_word' id='word_1_227' title='bbox 704 3175 756 3243; x_wconf 83' lang='grc' dir='ltr'><strong>κκὶ</strong></span> <span class='ocrx_word' id='word_1_228' title='bbox 775 3177 806 3243; x_wconf 89' lang='grc' dir='ltr'><strong>αἱ</strong></span> <span class='ocrx_word' id='word_1_229' title='bbox 819 3185 957 3271; x_wconf 85' lang='grc' dir='ltr'><strong>γυναῖκες</strong></span> <span class='ocrx_word' id='word_1_230' title='bbox 972 3177 1215 3267; x_wconf 83' lang='grc' dir='ltr'><strong>ἀνατεταμέναις</strong></span> <span class='ocrx_word' id='word_1_231' title='bbox 1230 3184 1301 3254; x_wconf 76' lang='grc' dir='ltr'><strong>ταῖς</strong></span> <span class='ocrx_word' id='word_1_232' title='bbox 1313 3173 1400 3268; x_wconf 85' lang='grc' dir='ltr'><strong>χερσὶν</strong></span> 
     </span>
     <span class='ocr_line' id='line_1_27' title="bbox 337 3279 1400 3375; baseline -0.005 -27"><span class='ocrx_word' id='word_1_233' title='bbox 337 3282 399 3348; x_wconf 87' lang='grc' dir='ltr'><strong>ἀπὸ</strong></span> <span class='ocrx_word' id='word_1_234' title='bbox 424 3291 480 3348; x_wconf 81' lang='grc' dir='ltr'><strong>τοῦ</strong></span> <span class='ocrx_word' id='word_1_235' title='bbox 504 3281 638 3374; x_wconf 86' lang='grc' dir='ltr'><strong>τείχους,</strong></span> <span class='ocrx_word' id='word_1_236' title='bbox 656 3279 741 3349; x_wconf 82' lang='grc' dir='ltr'><strong>κατὰ</strong></span> <span class='ocrx_word' id='word_1_237' title='bbox 765 3284 803 3350; x_wconf 87' lang='grc' dir='ltr'><strong>τὸ</strong></span> <span class='ocrx_word' id='word_1_238' title='bbox 830 3281 914 3373; x_wconf 78' lang='grc' dir='ltr'><strong>σφίσι</strong></span> <span class='ocrx_word' id='word_1_239' title='bbox 939 3282 1079 3365; x_wconf 80' lang='grc' dir='ltr'><strong>σύνηθες,</strong></span> <span class='ocrx_word' id='word_1_240' title='bbox 1097 3282 1217 3374; x_wconf 76' lang='grc' dir='ltr'><strong>είρύνην</strong></span> <span class='ocrx_word' id='word_1_241' title='bbox 1242 3281 1330 3375; x_wconf 74' lang='grc' dir='ltr'><strong>παρὰ</strong></span> <span class='ocrx_word' id='word_1_242' title='bbox 1348 3289 1400 3346; x_wconf 83' lang='grc' dir='ltr'><strong>τῶν</strong></span> 
     </span>
     <span class='ocr_line' id='line_1_28' title="bbox 337 3372 607 3482; baseline 0.007 -30"><span class='ocrx_word' id='word_1_243' title='bbox 337 3372 486 3479; x_wconf 61' lang='grc' dir='ltr'><strong>Ῥωμαίων</strong></span> <span class='ocrx_word' id='word_1_244' title='bbox 502 3389 607 3482; x_wconf 67' lang='grc' dir='ltr'><strong>ᾔτουν.</strong></span> 
     </span>
    </p>

    <p class='ocr_par' dir='ltr' id='par_1_4' title="bbox 313 3481 1481 4230">
     <span class='ocr_line' id='line_1_29' title="bbox 390 3481 1398 3587; baseline 0.005 -27"><span class='ocrx_word' id='word_1_245' title='bbox 390 3496 484 3562; x_wconf 87' lang='lat' dir='ltr'><strong>XIV.</strong></span> <span class='ocrx_word' id='word_1_246' title='bbox 504 3498 549 3560; x_wconf 67' lang='lat' dir='ltr'>M</span> <span class='ocrx_word' id='word_1_247' title='bbox 563 3499 664 3562; x_wconf 84' lang='grc' dir='ltr'><strong>αὐτῶν</strong></span> <span class='ocrx_word' id='word_1_248' title='bbox 689 3495 742 3586; x_wconf 81' lang='grc' dir='ltr'><strong>μὲν</strong></span> <span class='ocrx_word' id='word_1_249' title='bbox 763 3501 779 3561; x_wconf 89' lang='grc' dir='ltr'><strong>ό</strong></span> <span class='ocrx_word' id='word_1_250' title='bbox 799 3481 934 3574; x_wconf 68' lang='grc' dir='ltr'><strong>Εδουεὺς</strong></span> <span class='ocrx_word' id='word_1_251' title='bbox 957 3490 1133 3572; x_wconf 78' lang='grc' dir='ltr'><strong>Διόιτιακὸς</strong></span> <span class='ocrx_word' id='word_1_252' title='bbox 1145 3490 1250 3587; x_wconf 71' lang='grc' dir='ltr'><strong>(μετὰ</strong></span> <span class='ocrx_word' id='word_1_253' title='bbox 1269 3493 1330 3587; x_wconf 76' lang='grc' dir='ltr'><strong>γὰρ</strong></span> <span class='ocrx_word' id='word_1_254' title='bbox 1353 3495 1398 3565; x_wconf 60' lang='grc' dir='ltr'><strong>τὴν</strong></span> 
     </span>
     <span class='ocr_line' id='line_1_30' title="bbox 337 3589 1399 3695; baseline 0.001 -29"><span class='ocrx_word' id='word_1_255' title='bbox 337 3608 400 3666; x_wconf 85' lang='grc' dir='ltr'><strong>τῶν</strong></span> <span class='ocrx_word' id='word_1_256' title='bbox 413 3604 532 3695; x_wconf 80' lang='grc' dir='ltr'><strong>Βελγῶν</strong></span> <span class='ocrx_word' id='word_1_257' title='bbox 549 3602 764 3693; x_wconf 81' lang='grc' dir='ltr'><strong>ἀποχώρησιν,</strong></span> <span class='ocrx_word' id='word_1_258' title='bbox 780 3603 817 3668; x_wconf 87' lang='grc' dir='ltr'><strong>τὸ</strong></span> <span class='ocrx_word' id='word_1_259' title='bbox 830 3610 894 3668; x_wconf 86' lang='grc' dir='ltr'><strong>τῶν</strong></span> <span class='ocrx_word' id='word_1_260' title='bbox 908 3589 1049 3670; x_wconf 73' lang='grc' dir='ltr'><strong>Εάουέων</strong></span> <span class='ocrx_word' id='word_1_261' title='bbox 1063 3602 1225 3694; x_wconf 82' lang='grc' dir='ltr'><strong>ςράτευμα</strong></span> <span class='ocrx_word' id='word_1_262' title='bbox 1240 3593 1399 3692; x_wconf 75' lang='grc' dir='ltr'><strong>διαρεαὼς,</strong></span> 
     </span>
     <span class='ocr_line' id='line_1_31' title="bbox 338 3695 1481 3802; baseline -0.003 -30"><span class='ocrx_word' id='word_1_263' title='bbox 338 3707 412 3799; x_wconf 85' lang='grc' dir='ltr'><strong>πρὸς</strong></span> <span class='ocrx_word' id='word_1_264' title='bbox 440 3709 493 3774; x_wconf 85' lang='grc' dir='ltr'><strong>τὸν</strong></span> <span class='ocrx_word' id='word_1_265' title='bbox 522 3707 666 3799; x_wconf 84' lang='grc' dir='ltr'><strong>Καίσαρα</strong></span> <span class='ocrx_word' id='word_1_266' title='bbox 699 3708 884 3782; x_wconf 75' lang='grc' dir='ltr'><strong>ἐπανόλυόεν</strong></span> <span class='ocrx_word' id='word_1_267' title='bbox 903 3704 917 3794; x_wconf 90' lang='grc'>)</span> <span class='ocrx_word' id='word_1_268' title='bbox 938 3710 1048 3802; x_wconf 87' lang='grc' dir='ltr'><strong>λόγους</strong></span> <span class='ocrx_word' id='word_1_269' title='bbox 1077 3710 1279 3799; x_wconf 83' lang='grc' dir='ltr'><strong>ποιούμενος,</strong></span> <span class='ocrx_word' id='word_1_270' title='bbox 1305 3695 1397 3774; x_wconf 81' lang='grc' dir='ltr'><strong>τοιάάε</strong></span> <span class='ocrx_word' id='word_1_271' title='bbox 1480 3696 1481 3701; x_wconf 28' lang='lat'>¹</span> 
     </span>
     <span class='ocr_line' id='line_1_32' title="bbox 313 3807 1398 3908; baseline -0.001 -28"><span class='ocrx_word' id='word_1_272' title='bbox 313 3887 315 3892; x_wconf 54' lang='grc'><strong>,</strong></span> <span class='ocrx_word' id='word_1_273' title='bbox 338 3807 448 3890; x_wconf 74' lang='grc' dir='ltr'><strong>ἔλεξεν.</strong></span> <span class='ocrx_word' id='word_1_274' title='bbox 465 3814 506 3878; x_wconf 90' lang='grc' dir='ltr'><strong>Οἱ</strong></span> <span class='ocrx_word' id='word_1_275' title='bbox 521 3816 574 3906; x_wconf 84' lang='grc' dir='ltr'><strong>μὲν</strong></span> <span class='ocrx_word' id='word_1_276' title='bbox 588 3809 792 3898; x_wconf 79' lang='grc' dir='ltr'><strong>Βελλόόακοι,</strong></span> <span class='ocrx_word' id='word_1_277' title='bbox 805 3819 946 3908; x_wconf 84' lang='grc' dir='ltr'><strong>Καῖσαρ,</strong></span> <span class='ocrx_word' id='word_1_278' title='bbox 959 3816 1043 3906; x_wconf 86' lang='grc' dir='ltr'><strong>ριλοι</strong></span> <span class='ocrx_word' id='word_1_279' title='bbox 1059 3840 1095 3882; x_wconf 86' lang='grc' dir='ltr'><strong>τε</strong></span> <span class='ocrx_word' id='word_1_280' title='bbox 1108 3815 1162 3881; x_wconf 87' lang='grc' dir='ltr'><strong>καὶ</strong></span> <span class='ocrx_word' id='word_1_281' title='bbox 1175 3817 1334 3907; x_wconf 87' lang='grc' dir='ltr'><strong>σύμμαχοι</strong></span> <span class='ocrx_word' id='word_1_282' title='bbox 1349 3819 1398 3878; x_wconf 73' lang='grc' dir='ltr'><strong>τῶν</strong></span> 
     </span>
     <span class='ocr_line' id='line_1_33' title="bbox 338 3903 1397 4017; baseline 0.008 -34"><span class='ocrx_word' id='word_1_283' title='bbox 338 3903 480 3986; x_wconf 67' lang='grc' dir='ltr'><strong>Εάουίων</strong></span> <span class='ocrx_word' id='word_1_284' title='bbox 489 3923 679 4016; x_wconf 85' lang='grc' dir='ltr'><strong>γεγένηνται·</strong></span> <span class='ocrx_word' id='word_1_285' title='bbox 689 3929 740 3986; x_wconf 77' lang='grc' dir='ltr'><strong>νῦν</strong></span> <span class='ocrx_word' id='word_1_286' title='bbox 751 3914 787 3988; x_wconf 69' lang='grc' dir='ltr'><strong>δὲ</strong></span> <span class='ocrx_word' id='word_1_287' title='bbox 797 3930 862 3999; x_wconf 79' lang='grc' dir='ltr'><strong>τοῖς</strong></span> <span class='ocrx_word' id='word_1_288' title='bbox 871 3922 975 4017; x_wconf 92' lang='grc' dir='ltr'><strong>λόγοις</strong></span> <span class='ocrx_word' id='word_1_289' title='bbox 987 3929 1049 3988; x_wconf 83' lang='grc' dir='ltr'><strong>τῶν</strong></span> <span class='ocrx_word' id='word_1_290' title='bbox 1062 3921 1220 4015; x_wconf 89' lang='grc' dir='ltr'><strong>ἀρχόντων</strong></span> <span class='ocrx_word' id='word_1_291' title='bbox 1233 3931 1329 4011; x_wconf 81' lang='grc' dir='ltr'><strong>σρῶν,</strong></span> <span class='ocrx_word' id='word_1_292' title='bbox 1340 3915 1397 3992; x_wconf 72' lang='grc' dir='ltr'><strong>τοὺς</strong></span> 
     </span>
     <span class='ocr_line' id='line_1_34' title="bbox 338 4011 1396 4122; baseline 0.003 -32"><span class='ocrx_word' id='word_1_293' title='bbox 338 4011 465 4104; x_wconf 74' lang='grc' dir='ltr'><strong>Εάουεῖς</strong></span> <span class='ocrx_word' id='word_1_294' title='bbox 484 4028 543 4095; x_wconf 82' lang='grc' dir='ltr'><strong>ὑπὸ</strong></span> <span class='ocrx_word' id='word_1_295' title='bbox 569 4035 626 4094; x_wconf 85' lang='grc' dir='ltr'><strong>τοῦ</strong></span> <span class='ocrx_word' id='word_1_296' title='bbox 648 4025 804 4122; x_wconf 86' lang='grc' dir='ltr'><strong>Καίσαρος</strong></span> <span class='ocrx_word' id='word_1_297' title='bbox 825 4020 1175 4121; x_wconf 77' lang='grc' dir='ltr'><strong>καταδεδουλωμένους,</strong></span> <span class='ocrx_word' id='word_1_298' title='bbox 1195 4030 1302 4094; x_wconf 84' lang='grc' dir='ltr'><strong>πάντα</strong></span> <span class='ocrx_word' id='word_1_299' title='bbox 1330 4020 1396 4093; x_wconf 70' lang='grc' dir='ltr'><strong>κακά</strong></span> 
     </span>
     <span class='ocr_line' id='line_1_35' title="bbox 339 4131 1395 4230; baseline 0.004 -36"><span class='ocrx_word' id='word_1_300' title='bbox 339 4155 374 4197; x_wconf 89' lang='grc' dir='ltr'><strong>τε</strong></span> <span class='ocrx_word' id='word_1_301' title='bbox 392 4131 444 4200; x_wconf 86' lang='grc' dir='ltr'><strong>καὶ</strong></span> <span class='ocrx_word' id='word_1_302' title='bbox 464 4134 566 4211; x_wconf 84' lang='grc' dir='ltr'><strong>πάσας</strong></span> <span class='ocrx_word' id='word_1_303' title='bbox 590 4134 799 4228; x_wconf 86' lang='grc' dir='ltr'><strong>αίσχρότητας</strong></span> <span class='ocrx_word' id='word_1_304' title='bbox 816 4139 869 4204; x_wconf 75' lang='grc' dir='ltr'><strong>ὑπ’</strong></span> <span class='ocrx_word' id='word_1_305' title='bbox 888 4140 985 4204; x_wconf 77' lang='grc' dir='ltr'><strong>αὐτοῦ</strong></span> <span class='ocrx_word' id='word_1_306' title='bbox 1004 4134 1134 4228; x_wconf 83' lang='grc' dir='ltr'><strong>πάσχειν</strong></span> <span class='ocrx_word' id='word_1_307' title='bbox 1145 4186 1155 4219; x_wconf 94' lang='grc'><strong>,</strong></span> <span class='ocrx_word' id='word_1_308' title='bbox 1166 4135 1336 4230; x_wconf 86' lang='grc' dir='ltr'><strong>λεγόντων,</strong></span> <span class='ocrx_word' id='word_1_309' title='bbox 1347 4151 1395 4198; x_wconf 76' lang='grc' dir='ltr'><strong>πυ</strong></span> 
     </span>
    </p>
   </div>
   <div class='ocr_carea' id='block_1_3' title="bbox 0 0 1511 5025">
    <p class='ocr_par' dir='ltr' id='par_1_5' title="bbox 0 0 1511 5025">
     <span class='ocr_line' id='line_1_36' title="bbox 0 0 1511 5025; baseline 0 0"><span class='ocrx_word' id='word_1_310' title='bbox 0 0 1511 5025; x_wconf 95' lang='lat' dir='ltr'><strong> </strong></span> 
     </span>
    </p>
   </div>
  </div>
 </body>
</html>
