3000 5025
313 461 385 542 124
519 460 548 526 J.
578 448 735 527 CEle
765 446 1161 527 COMMENTARII

307 606 426 659 castra
447 615 626 678 moverem,
648 592 771 685 inquit,
787 590 914 687 pabuli
925 596 1194 687 coegitiuopia,
1215 608 1254 660 et
1266 594 1381 663 horta-

307 712 362 765 tus
381 714 520 766 uester:
544 714 584 767 ut
595 704 745 793 propius
760 702 927 768 Romanis
939 698 1156 783 accederem,
1174 702 1281 794 uiscus
1294 705 1381 769 sitm

243 866 246 875 ,
307 803 376 871 loci
400 810 551 873 attraxit
559 829 629 900 per
652 829 690 873 se
711 809 820 899 ipsum
847 808 939 873 tuti:
963 810 1093 898 equites
1116 804 1263 892 abduci,
1293 832 1382 901 ques

298 910 515 1004 palustribus
544 912 628 980 locis
654 912 789 979 inutiles
814 910 985 998 sciebam,
1019 912 1119 979 utibes
1149 923 1381 1007 autem‚'1qu0

297 1016 521 1111 pergebam:
553 1019 673 1087 diceem
702 1033 831 1087 certum
854 1018 975 1087 abiens
1002 1042 1072 1087 uon
1099 1018 1226 1104 demisi,
1250 1025 1382 1088 ueritus
1433 1062 1436 1067 -

305 1124 524 1214 nefhrtassis
543 1130 777 1220 acquiesceret
792 1124 935 1195 uocibus
956 1141 1061 1218 atque
1078 1127 1229 1194 camillis
1245 1131 1383 1195 casana

303 1253 394 1317 rum,
409 1256 570 1327 puguant
591 1232 815 1301 mtoleraau'a
834 1256 905 1301 noa
924 1237 1294 1327 ui'rtuteposceatmm:
1311 1236 1383 1302 Bo·

304 1357 427 1405 mauos
444 1344 492 1424 si,
511 1363 564 1407 me
580 1338 738 1425 absente,
758 1362 862 1408 casus
883 1339 1017 1424 attulit,
1028 1337 1211 1429 fhrtuna,
1235 1363 1306 1408 uou
1328 1342 1382 1416 al·

304 1448 383 1528 teri,
407 1445 644 1539 imputandum
660 1470 670 1512 .·
689 1460 731 1513 ut
747 1450 795 1530 si,
820 1447 939 1539 aliisue
959 1445 1144 1530 suadente,
1163 1450 1379 1539 contigisset,
1480 1464 1483 1469 ·

302 1548 466 1619 habenda
489 1553 543 1621 illi
566 1557 688 1645 gratia
715 1567 819 1637 esset,
856 1578 881 1621 a
908 1576 978 1645 quo
1002 1549 1102 1619 uobis
1115 1556 1312 1646 praestitum
1344 1569 1385 1621 ut

225 1718 230 1730 ,
302 1680 419 1725 cortun
445 1673 482 1725 et
491 1663 710 1753 paucitatem
727 1658 908 1744 sumeretis,
930 1674 967 1725 et
983 1662 1380 1750 ignaviammosceretts,

302 1767 377 1855 qui,
403 1764 508 1831 stulte
533 1764 696 1851 adventu,
723 1769 817 1859 turpi
831 1764 960 1849 reditu,
983 1778 1020 1831 et
1039 1765 1174 1832 consilii
1194 1780 1231 1832 et
1243 1770 1385 1833 mutatis

302 1874 454 1963 mopiam
477 1870 661 1939 detexere:
681 1894 706 1938 a
732 1872 871 1940 casare
891 1894 955 1963 ego
975 1894 1046 1938 nou
1065 1894 1204 1964 reguum
1216 1895 1287 1965 per
1293 1896 1385 1966 pro·

302 1974 482 2062 ditionem,
505 1977 571 2044 sed
586 1978 629 2045 de
642 2002 683 2044 eo
698 1981 880 2048 uictoriam
894 2000 965 2071 pei·
984 1981 1144 2045 uirtutem
1158 2002 1280 2073 sper0,·
1300 2003 1387 2072 quae

231 2118 233 2129 ·
292 2081 374 2173 jam
382 2087 570 2177 proxima,
579 2083 661 2175 J'am
674 2106 784 2177 pane
794 2082 878 2156 nebi
886 2088 940 2151 siu
955 2083 1115 2152 mam'bus
1132 2100 1193 2152 est.
1209 2087 1300 2175 Quia
1314 2085 1386 2155 hoc

302 2192 413 2283 ipsum
433 2214 574 2283 regnum
601 2189 714 2283 quod,
742 2212 911 2258 consensu
932 2195 1080 2258 omnium
1093 2190 1178 2282 jure
1192 2190 1383 2285 possideo,
1481 2238 1483 2243 -

302 2310 426 2391 sponte
443 2295 610 2364 dimittere
619 2310 776 2392 paratus
794 2320 884 2384 siun,
904 2302 938 2364 si
942 2296 1107 2385 fhrsituu
1130 2320 1195 2366 vos
1218 2298 1386 2368 honorem

304 2401 387 2469 miiu
404 2407 526 2497 potius
552 2404 735 2471 concidisse
767 2403 904 2471 creditis
932 2428 1037 2497 quam
1059 2428 1084 2472 a
1104 2428 1159 2472 me
1180 2403 1386 2494 beneficium

259 2587 266 2596 ,
303 2515 486 2603 accepisse.
514 2510 635 2580 cesar
659 2534 891 2605 romanusque
911 2516 1083 2580 exercitus
1102 2514 1223 2580 uitium
1240 2511 1390 2591 laborat

302 2613 443 2711 mopia3
462 2616 543 2708 jam
565 2617 618 2685 ad
628 2639 789 2713 pugnam
817 2633 924 2711 atque
949 2618 1001 2686 ad
1023 2643 1128 2713 opus,
1160 2634 1197 2686 et
1216 2623 1328 2687 am'mi
1350 2639 1389 2691 et

302 2746 478 2818 commea
494 2728 586 2792 umes
603 2723 743 2810 desuem
761 2739 798 2792 et
808 2729 877 2792 uisi
888 2724 1068 2814 coufestim
1083 2725 1184 2794 aliud
1191 2730 1386 2821 imperatae

288 2829 481 2921 felicitatis
502 2830 697 2922 efficisem't,
717 2831 848 2899 abitum
865 2825 1059 2899 moliuntur.
1076 2834 1211 2900 Horum
1227 2849 1266 2900 ut
1281 2857 1307 2901 a
1318 2819 1384 2906 ‘me

287 2937 419 3024 fictum
445 2937 531 3006 uiitil
546 2943 780 3036 suspicemini,
804 2960 968 3006 romanos
985 2938 1108 3007 miiites
1125 2939 1251 3007 aitdite.
1272 2942 1385 3012 Erant

303 3045 390 3110 servi
413 3042 513 3136 aliqui
537 3045 624 3112 inter
646 3042 873 3138 pabulandum
903 3045 1009 3138 capti,
1029 3059 1065 3112 et
1085 3045 1273 3114 incarcere
1298 3051 1384 3118 torti

302 3147 529 3244 multipliciter
550 3166 584 3219 et
605 3151 735 3237 afflicti,
754 3152 905 3244 jussique!
919 3149 1011 3243 quod
1028 3176 1089 3245 per
1107 3176 1165 3220 eos
1177 3152 1244 3221 dici
1257 3153 1382 3224 vellet:

302 3269 336 3324 et
361 3256 518 3350 producti
539 3258 573 3324 in
596 3257 764 3344 medium,
780 3255 978 3350 legionarios
1004 3283 1039 3326 sc
1059 3257 1178 3327 milites
1201 3259 1383 3350 dixerunt,

301 3376 450 3431 extrema
471 3363 559 3433 fame
590 3366 696 3434 victos
720 3365 883 3432 e‘castn's
904 3362 1092 3433 clanculum
1111 3365 1288 3460 effugisse3
1307 3371 1384 3461 pari

301 3494 435 3539 omnem
458 3472 639 3539 exercitum
662 3470 751 3541 fame
773 3468 963 3538 confectum
989 3495 1060 3540 esse
1078 3497 1088 3538 ε
1109 3487 1228 3540 caetera
1255 3472 1383 3544 dehinc

301 3579 413 3646 omnia
432 3575 522 3646 dicto
544 3579 631 3672 regis
657 3599 804 3646 consona
825 3579 1099 3671 persecutisunt
1121 3581 1209 3646 Tum
1235 3581 1382 3650 Vercin-

301 3685 431 3780 getorix
448 3683 662 3771 exclamavit3
675 3686 802 3779 Etper
821 3708 892 3771 me,
913 3687 1034 3778 inquit,
1056 3711 1156 3779 quem
1168 3685 1384 3782 prodt'tmnis

301 3796 494 3878 accusatis,
526 3793 603 3860 hac
631 3789 730 3860 uobis
760 3807 888 3860 cuncta
907 3796 1133 3887 provenient,
1165 3807 1272 3886 atque
1293 3794 1386 3864 illud

299 3913 507 3985 extremum,
528 3912 568 3966 ut
585 3902 660 3966 sine
680 3913 797 3966 vestro
808 3900 967 3993 periculo
986 3903 1098 3968 uuam
1120 3902 1242 3970 Casae
1255 3923 1302 3968 ac
1308 3901 1381 3992 fis·

243 4047 245 4056 =
297 4011 412 4102 giens,
436 4007 539 4075 nullis
554 4009 650 4100 agris
670 4027 714 4073 ac
731 4005 870 4075 sebum
886 4021 1078 4102 receptetur
1083 4033 1096 4093 ‚·
1113 4006 1153 4075 id
1163 4010 1252 4076 euim
1261 4059 1273 4092 ,
1290 4012 1385 4076 mter

299 4113 427 4201 multa,
450 4137 525 4184 meo
550 4113 693 4184 consilia
710 4118 931 4184 coustitutum
944 4128 1004 4184 est.
1025 4115 1086 4183 His
1100 4113 1199 4187 dictis
1220 4115 1309 4183 versi
1327 4139 1381 4182 re·
