3000 5025
303 467 379 559 366
598 472 636 541 C.
665 472 812 541 JULII
840 471 1081 541 CAESARIS

300 593 463 681 Ελόητῖων
482 608 533 673 καὶ
557 615 619 673 τῶν
638 609 769 698 πρώτων
788 615 850 674 τῶν
869 591 1018 758 Ρωμαίων
1038 610 1072 674 ού
1089 612 1198 674 πλεῖον
1217 608 1303 674 ὀκτὼ
1322 630 1384 687 ςα·

301 704 375 783 δίων
396 704 576 780 διελείπετο.
741 758 746 767 ,

354 821 448 889 XVI'.
468 804 511 884 Εν
530 821 634 905 τούτῳ
653 810 715 885 δ’
701 846 718 885 ο
737 819 790 910 μὲν
810 819 932 910 Καῖσαρ
953 823 1025 897 τοὺς
1043 805 1202 897 Εδουεῖς
1187 844 1221 887 ον
1241 810 1380 911 δημοσίᾳ

278 992 281 998 ,
301 930 386 1013 αὐτῳ
367 927 622 1017 ὑπέσχοντο
588 951 672 993 σιτον
690 926 814 1020 ἀπῄτει.
828 921 934 990 Διά
900 950 954 1017 μεν
968 923 1027 1019 γὰρ
1046 951 1084 992 το
1070 921 1193 1064 ψόγος
1203 920 1356 1009 (παῖσα
1319 952 1380 1020 γαρ

299 1032 496 1115 ήΓαλατία,
512 1040 551 1109 ὡς
574 1029 667 1099 καὶ”
646 1057 708 1099 ανω
735 1030 933 1125 προείρηται,
950 1032 1078 1124 ἀρκτῴα
1104 1027 1194 1115 ε’ςὶν)
1213 1035 1272 1122 οὐχ
1294 1035 1379 1111 ὅπως

299 1138 405 1207 πέπων
419 1134 454 1208 ἦν
474 1142 503 1205 ἐν
518 1146 583 1217 τοῖς
605 1138 708 1232 ἀγροῖς
723 1142 744 1205 6
756 1144 851 1215 σῖτος·
871 1138 941 1204 ἀλλ’
959 1129 1031 1205 0666
1045 1141 1167 1230 χιλοῦ’
1153 1162 1184 1204 εν
1205 1146 1251 1225 τῷ
1268 1147 1379 1265 ςρατῷ

299 1243 466 1338 αὐτάρκεια
487 1241 530 1317 όν.
545 1248 667 1313 Επειτα
685 1235 720 1311 δὲ
736 1235 809 1312 οὐδὲ
824 1252 872 1331 τῷ
890 1234 944 1309 διὰ
965 1254 1022 1311 τοῦ
1033 1233 1126 1377 τᾸράρ
1127 1270 1182 1322 εως
1202 1244 1378 1333 ἐπεισάκτῳ

298 1350 374 1439 σίτῳ
387 1349 568 1444 χρῆσθαι’
539 1377 595 1419 ουκ
615 1348 711 1443 εἶχεν,
728 1354 778 1418 ότι
798 1376 827 1417 οι
817 1310 1046 1435 θλύιότιοι,
1027 1378 1067 1417 ων
1086 1349 1354 1423 ἀπολείπεσθαι’
1323 1378 1379 1419 ουκ

296 1416 499 1541 ηόούλετοᾙ
481 1459 543 1525 απὸ
568 1448 718 1552 τοιῖᾸρά
697 1483 792 1551 αρειυς
810 1456 1045 1550 ἀπετράπησαν.
1068 1459 1109 1524 Οἱ
1136 1449 1166 1523 δ’
1189 1443 1319 1535 Εδοοεῖς
1347 1451 1378 1536 ἐξ

296 1565 373 1657 ἡμέρ
376 1591 411 1643 ας
429 1564 469 1644 εἰς
492 1566 570 1658 ἡμάρ
572 1591 607 1631 αν
631 1484 819 1642 666664‘
806 1564 937 1632 εποίουν
959 1574 1011 1631 νῖν
1035 1564 1089 1656 μὲν
1110 1556 1301 1658 ἀθροίζεσθαι
1325 1567 1378 1632 τὸν

297 1675 399 1754 σῖτον,
410 1671 501 1753 ποτὲ
526 1661 594 1736 δ”
572 1671 663 1766 αγεσθ
667 1699 715 1755 αι,
648 1667 844 1739 θάλλοτε
868 1663 903 1737 66
929 1671 981 1738 καὶ
1007 1678 1146 1763 παρεῖναι
1167 1670 1312 1765 λέγοντες
1332 1672 1378 1750 ἔς*

296 1770 333 1841 ἀν
349 1778 525 1870 παρέτεινον
541 1779 595 1845 τὸν
615 1778 769 1873 Καίσαρα.
787 1763 967 1855 Ἐκεῖνος
934 1803 987 1871 μεν
1007 1773 1058 1844 οὖν
1075 1783 1114 1855 ὡς
1137 1776 1257 1868 τάχιςα
1282 1787 1376 1845 τοῦτο

297 1882 408 1975 ᾔσθετο
417 1888 630 1978 ,συγκαλέσας
646 1890 747 1952 αὐτῶν
767 1886 839 1963 τοὺς
857 1881 1026 1977 ἄρχοντας,
1041 1910 1070 1951 οι
1057 1878 1218 1951 πολλοὶ’
1206 1910 1237 1950 εν
1250 1894 1299 1970 τῷ
1315 1888 1378 1951 66

297 1999 355 2055 τοῦ
368 1983 556 2082 ςρατοπέδιρ
571 1989 668 2075 ἦσαν,
683 1991 735 2058 καὶ
751 1995 782 2057 ἐν
797 1992 920 2068 τούτοις
935 1991 988 2057 τόν
1006 2016 1040 2057 τε
1057 1984 1233 2057 Διύιτιακὸν
1250 1992 1305 2057 καῖ
1323 1992 1373 2057 τὸν
1438 2078 1441 2084 1

297 2094 434 2179 Λίσκον,
450 2099 486 2164 τὸ
505 2100 631 2193 μέγιςον
650 2106 712 2164 τῶν
727 2082 869 2163 Εδουέων
888 2090 1009 2189 ἀξίωμα
1032 2091 1238 2191 Βεργόύρετον
1262 2098 1374 2163 καλού-

245 2280 248 2285 ,
297 2227 385 2292 μενον
401 2205 529 2294 ἔχοντας
543 2194 661 2295 (τοῦτο
681 2195 717 2269 δὲ
737 2205 775 2270 τὸ
793 2204 882 2281 τέλος
901 2205 973 2269 κατ’
988 2204 1056 2280 ἔτος
1074 2210 1312 2295 χειροτονεῖται,
1326 2202 1374 2270 καὶ

299 2309 366 2390 βίου
375 2334 409 2374 τε
415 2308 606 2377 καὶθανάτου
617 2308 723 2403 κρίνειν
737 2309 808 2386 τοὺς
820 2310 972 2387 ὑπηκόους
981 2299 1125 2393 δύναται)
1138 2316 1253 2402 πικρῶς
1266 2311 1374 2387 αὐτοὺς

246 2420 248 2425 ’
296 2410 478 2505 ἐμέμψατο,
493 2419 542 2482 ότι
555 2419 614 2507 οὐχ
630 2418 692 2483 οἵου
706 2442 741 2482 τε
757 2417 845 2494 ὄντος
860 2418 945 2502 αὐτῷ
959 2417 1030 2483 ούτε
1046 2418 1100 2483 τὸν
1115 2422 1200 2482 σῖτον
1215 2416 1372 2499 ὠνεῖσθαι,

282 2522 368 2588 ὀύτε
386 2549 420 2616 γε
440 2525 474 2591 ἐκ
493 2531 553 2589 τῶν
574 2524 673 2618 ἀγρῶν
693 2516 883 2618 συγκομίζειν
894 2575 903 2607 ,
914 2522 966 2589 καὶ
982 2525 1059 2617 πρὸς
1077 2526 1200 2600 τούτοις
1218 2526 1373 2602 τοσαύτης

295 2628 424 2718 ἀπορίας
438 2631 545 2713 ούσης,
561 2631 612 2698 καὶ
627 2638 689 2698 τῶν
704 2629 858 2721 πολεμίων
872 2632 954 2696 οὕτω
968 2628 1124 2713 πλησίων,
1137 2631 1190 2696 ὑπ’
1205 2633 1309 2698 αὐτῶν
1322 2635 1373 2698 ούκ

295 2741 457 2825 ὠφελεῖτο,
475 2737 527 2804 καὶ
542 2748 645 2805 ταῦτα
659 2728 701 2802 δι’
717 2736 836 2804 ἐκείνων
852 2738 889 2803 τὸ
907 2743 1032 2812 πλεῖςον
1048 2746 1160 2803 τοῦτον
1173 2736 1226 2804 τὸν
1241 2738 1373 2825 πόλεμον

294 2840 454 2934 ἀράμενος·
469 2847 585 2934 μᾶλλον
604 2835 634 2910 δ’
646 2847 696 2910 ότι
710 2847 762 2910 ὑπ’
781 2847 883 2910 αὐτῶν
898 2842 1133 2936 ἐγκατελείφθη,
1145 2841 1315 2934 ᾐτιάσατο.
1424 2843 1427 2850 ’

348 2951 461 3018 XVII.
477 2953 588 3017 Ταῦτα
599 2941 620 3016 6
622 2953 629 2981 ’
644 2950 783 3028 εἰπόντος
796 2960 854 3016 τοῦ
867 2948 1043 3041 Καίσαρος,
1058 2954 1074 3014 6
1089 2950 1203 3027 Λίσκος
1220 2957 1288 3028 τοῖς
1304 2951 1373 3016 ἐκεῖ·

295 3063 347 3121 νου
366 3056 469 3149 λόγοις
491 3056 637 3138 πεισθεὶς,
656 3056 730 3124 τότε
749 3057 934 3148 ἐφανέρωσεν
954 3051 975 3120 6
995 3056 1138 3145 κρύπτειν
1162 3055 1314 3149 πρότερον
1337 3053 1371 3130 ἦν

295 3165 588 3255 παρεσκευασμένος.
603 3149 710 3240 Ενίους
726 3163 780 3256 μὲν
798 3159 856 3255 γὰρ
872 3163 1000 3253 ἔφασκεν
1015 3155 1187 3255 εἶναιπαρὰ
1200 3170 1249 3247 τῷ
1265 3162 1371 3238 πλάθει

297 3269 378 3363 μέγα
400 3268 562 3361 ἰσχύοντας
581 3269 633 3336 καὶ
655 3261 797 3361 δημότας
820 3270 912 3347 όντας
930 3274 1032 3335 πλεῖον
1053 3271 1239 3334 αὐτῶντῶν
1260 3269 1370 3363 ἀρχόν·

295 3401 358 3442 των
378 3365 573 3469 δυναμόνους.
595 3373 693 3444 066
719 3368 767 3459 δ’,
787 3376 862 3465 ἔφη,
884 3374 955 3441 εἰσὶν
971 3373 1000 3441 οἱ
1018 3381 1084 3452 τοῖς
1104 3381 1186 3463 σφῶν
1202 3368 1371 3451 ςασιώδεσί

296 3507 332 3548 τε
347 3482 398 3549 καὶ
412 3482 542 3561 ἀνοσίοις
554 3482 657 3578 λόγοις
670 3509 708 3550 το
694 3480 902 3565 πλῆθος,
864 3486 985 3608 μηὺμῖν
1000 3472 1165 3574 ἀποδοθῇό
1176 3482 1369 3574 ὀφειλόμενος

295 3594 400 3673 σῖτος,
423 3589 661 3683 ἀποτρέποντες.
685 3583 805 3655 Κάν
772 3613 825 3680 μεν
848 3587 876 3654 οἱ
898 3597 1034 3655 τοιοῦτοι
1054 3613 1111 3661 την
1135 3595 1192 3664 τῆς
1216 3587 1372 3666 Γαλατίας

295 3693 392 3788 ἀρχὴν
414 3698 455 3787 μὴ
480 3687 632 3763 δύνωνται
648 3689 836 3762 καταλαύεῖν
844 3700 997 3800 ,μαλλον
1002 3696 1098 3768 αὐτὴν
1115 3700 1179 3760 τῶν
1192 3677 1370 3773 θλύητόων,

294 3797 313 3873 ἢ
332 3813 395 3869 τῶν
413 3788 616 3895 Ρωμαίων
590 3828 665 3868 ιιναι
692 3802 896 3894 ἐπιθυμοῦσιν.
919 3786 986 3868 Ῡπὸ
1004 3803 1124 3868 τούτων
1149 3791 1185 3866 66
1204 3798 1312 3868 πάντα
1331 3798 1370 3866 τὰ

295 3913 381 3998 ἡμῶν
400 3916 463 3976 τῶν
487 3894 635 4000 Ῥωμαίων
660 3909 833 4003 πράγματα
853 3914 919 3986 τοῖς
938 3893 1105 3986 Ελύητῖοις
1124 3898 1368 4000 διαγγέλλονται

293 4013 358 4080 Καί
372 4041 422 4098 τι,
434 4016 507 4107 ἔφη,
521 4019 691 4111 Καῖσαρ,”
672 4041 722 4084 οτι
731 4026 827 4084 τοῦτο
840 4015 878 4082 τὸ
890 4015 1020 4109 πράγμα
1035 4039 1084 4082 σοι
1097 4014 1263 4108 ἀναγκαῖον
1277 4013 1368 4106 ἀνηρει

294 4119 412 4199 κασθεὶς
430 4114 559 4214 σχεδὸν,
578 4131 745 4209 κατεῖπον,
761 4127 819 4192 οὐκ
837 4122 938 4216 ἀγνοῶ
959 4113 1013 4189 διὰ
1030 4130 1125 4190 τοῦτο
1148 4120 1291 4215 μεγαλως
1307 4144 1366 4188 κιν·
