3000 5025
278 475 583 546 INTERPRES
611 475 843 547 GRAECUS.
871 479 969 547 LIB.
998 480 1041 549 V.
1116 475 1194 575 43¹9

132 605 225 674 ταῢθα
238 608 292 700 μέν
307 614 323 676 ό
338 610 462 702 Καῖσαρ
479 610 532 676 σὺν
546 617 611 688 τοῖς
628 610 784 704 τάγμασιν
801 609 936 695 ἀπῆλθε,
949 609 1002 679 οιαὶ
1022 612 1076 680 τὸν
1098 613 1195 681 τόπον

129 714 211 802 ρύσιι
229 739 264 781 τε
288 714 341 782 καὶ
362 716 455 808 τέχνη
479 717 587 808 ὀχυρὸν
611 719 722 810 εὑρὼν,
737 719 820 807 ὅμως
846 717 1059 810 ἀμφοτέρωθεν
1082 721 1195 812 προσέ-

129 812 226 887 όαλεν.
242 821 284 886 Οἱ
301 815 336 888 δέ
354 823 512 913 πολέμιοι,
530 817 631 916 ὀλίγον
651 821 829 915 μείναντες,
841 815 948 892 ε’πειδή
964 825 1002 890 τὸ
1017 831 1100 916 μεῖον
1115 827 1194 917 ἔχειν

128 931 203 1015 σφοῖς
217 929 314 1022 θύριον
326 978 335 1009 ,
349 930 385 994 εἰι
405 938 462 995 τοῦ
476 925 570 996 άλλου
587 939 643 1008 τῆς
662 930 780 1008 πόλεως
795 931 923 1008 ἑαυτοὺς
936 926 1060 1022 ἔρριψαν
1076 933 1193 1023 μέρους.

126 1031 232 1100 Πολλά
256 1035 309 1126 μὲν
328 1033 460 1102 ἐνταῦθα
478 1035 579 1128 εὑρέθη
598 1029 795 1128 όοσκήματα·
810 1039 861 1104 καὶ
882 1035 995 1104 πολλοὶ
1015 1046 1077 1102 τῶν
1101 1044 1195 1104 πολε·

125 1135 198 1228 μέων
213 1142 243 1205 ἀν
258 1151 298 1235 τῇ
313 1151 392 1235 φυγῇ
412 1142 535 1237 ἀλέντες
546 1193 556 1226 ,
569 1135 786 1235 διεφθάρησαν.

175 1247 286 1314 XXII.
314 1233 358 1313 Ev
386 1247 489 1334 τούτῳ
517 1239 584 1316 δ’ὁ
611 1243 863 1330 Κασσιόελαυνος
888 1249 938 1318 ἐπὶ
967 1249 1024 1321 τθν
1056 1248 1194 1317 Κάντιον

123 1345 214 1444 (περὶ
231 1350 266 1430 ής
285 1343 346 1427 ήδη
366 1353 486 1446 ἐρρέθη,
502 1361 541 1432 ὡς
559 1353 797 1448 παραθαλασσέα
814 1353 857 1430 εἴη
868 1352 881 1441 )
894 1357 970 1448 πρὸς
988 1354 1060 1432 τοὺς
1074 1357 1193 1434 ταύτης

122 1468 177 1536 τῆς
190 1461 294 1552 χώρας
306 1461 457 1554 τέσσαρας
471 1455 921 1556 ύασιλέας,Κιγγετόρυγάτε,
930 1460 983 1530 καὶ
997 1456 1195 1553 Καρουΐλιον,

122 1564 170 1630 καὶ
195 1559 442 1658 ταξιμάγουλον,
458 1568 511 1634 καὶ
541 1568 735 1662 Σεγόνακτα,
754 1568 902 1662 ἀγγέλους
919 1563 1062 1660 πέμψας,
1077 1569 1194 1635 ἐκέλευε

122 1670 260 1766 μεγαλην
282 1671 401 1764 τάχιςα
429 1675 658 1768 συναγαγόντας
684 1666 834 1765 δύναμιν,
861 1685 909 1761 τῷ
934 1685 992 1742 τοῦ
1016 1673 1194 1765 ναυςάθμου

120 1787 175 1844 τοῦ
190 1777 346 1872 Καίσαρος
363 1772 551 1871 ςρατυπέθῳ
564 1773 782 1872 προσόάλλιιν,
796 1778 863 1863 καὶ,
874 1779 910 1854 ἢν
930 1773 1102 1863 δύνωνται,
1116 1775 1149 1858 ἐξ
1158 1785 1192 1848 οὐ

120 1876 300 1975 προειδότος
319 1887 396 1953 αὐτὸ
414 1886 517 1980 αἱρεῖν.
540 1889 669 1954 Τούτων
690 1878 725 1954 δὲ
748 1885 799 1954 ε’πὶ
820 1888 859 1954 τὸ
882 1878 1194 1980 ςρατόπεθον,ιιατθι

120 1989 157 2056 τὸ
177 1990 262 2081 σρέσι
279 1989 469 2086 προςαχθὲν,
488 1993 700 2087 ὁρμισάντων,
714 1994 743 2062 οἱ
759 1978 943 2084 Ρωμαῖοιάξ
956 1983 1194 2088 ἀπροσδοκήτου

118 2088 225 2173 ἔξοδον
247 2100 296 2166 ἐπ’
318 2099 430 2177 αὐτοὺς
450 2103 653 2182 ποιήσαντες,
668 2101 796 2194 συχνοὺς
821 2100 1014 2168 ἀπέκτειναν·
1037 2096 1090 2167 καὶ
1117 2099 1192 2190 πρὸς

119 2205 244 2281 τούτοις
260 2207 315 2272 ἕνα
331 2217 394 2275 τῶν
417 2213 600 2300 ςρατηγῶν,
617 2207 671 2274 τὸν
689 2207 926 2302 Κιγγετόρυγα,
938 2201 1105 2286 λαόόντες,
1119 2212 1181 2272 σῶο

118 2305 169 2375 ἀπὶ
198 2311 236 2378 τὸ
264 2299 742 2406 ςρατόπεθονιάνεχιύρησανὯ
772 2305 807 2380 δὲ
832 2308 1080 2390 Καοσιύέλαυνος
1105 2313 1193 2381 τοῦτ’

118 2413 272 2500 ἀνιούσας,
287 2418 340 2486 καὶ
359 2426 501 2484 τοσαῦτα
519 2411 600 2502 ήδη,
618 2411 785 2515 θηωθεέσης
807 2430 864 2496 τῆς
889 2424 986 2487 αὐτοῦ
1002 2421 1123 2511 χώρας,
1141 2417 1192 2484 καὶ

116 2521 288 2601 ἀποςασῶν
303 2526 467 2593 ἀπἀθτοῢ
486 2528 643 2593 τοσούτων
657 2527 790 2609 πολεων,
805 2513 984 2619 ζημιωθεὶς,
999 2518 1053 2593 διά
1072 2523 1192 2616 Κωμίου

114 2632 174 2695 τοῦ
188 2618 371 2803 Ᾱτργέύατος
391 2626 531 2725 πρέσόεις
553 2642 600 2719 τῷ
618 2632 751 2725 Καίσαρι
773 2629 918 2724 πέμψας,
933 2636 1019 2718 οώτῷ
1032 2634 1191 2723 προσεχώ·

115 2758 218 2825 ρησεν.
284 2728 456 2831 δθιΚαῐσαρ
474 2741 504 2804 έν
518 2749 559 2832 τῇ
572 2737 702 2831 η’πιέριρ,
717 2730 770 2804 διὰ
787 2736 845 2816 τάς
865 2748 922 2815 τῆς
940 2735 1096 2815 Γαλατίας
1115 2729 1193 2811 ἐξαί-

114 2863 193 2933 ρνης
213 2848 360 2928 κινήσεις,
380 2838 533 2937 χειμάζειν
562 2836 710 2928 διανοῶν,
727 2843 779 2912 καὶ
804 2844 906 2938 ὀλίγον
931 2845 977 2910 ἔτι
1003 2853 1060 2911 τοῦ
1089 2842 1188 2934 θέρους

115 2950 207 3042 μέρος
221 2948 388 3019 ὑπόλοιπον
402 2945 491 3033 εἶναι,
500 2951 551 3018 καὶ
564 2960 658 3019 τοῦτο
672 2954 800 3043 εὐχερῶς
816 2942 962 3017 δύνασθαι
976 2948 1191 3017 ἀναλίσκεσθαι

111 3048 327 3150 λογιζόμενος,
347 3062 477 3150 ὁμόρους
512 3059 566 3151 μὲν
592 3069 639 3146 τῷ
665 3051 906 3143 Κασσιύελαύνερ
936 3059 1107 3151 ἐπήγγειλε·
1139 3053 1191 3123 καὶ

115 3158 190 3229 τινὰ
204 3153 323 3255 δασμὸν
348 3167 419 3231 κατ’
438 3165 506 3243 έτος
526 3170 591 3242 τοῖς
607 3149 761 3255 Ῥωμαίοις
784 3163 812 3230 οἱ
834 3162 1002 3257 Βρηταννοὶ
1024 3163 1098 3231 τότε
1120 3153 1191 3227 δια·

114 3262 235 3353 τάξας,
249 3282 295 3358 τῷ
305 3264 559 3357 ,Κασσιόελαύνῳ
572 3271 683 3339 ἀπεῖπε
694 3270 753 3337 τόν
770 3296 806 3337 τε
818 3260 1125 3361 Μανδουύρατέωνα,
1139 3264 1190 3335 οιαὶ

113 3369 310 3469 Τριόονατθις
329 3380 371 3469 μή
391 3370 550 3444 θλάπτειν.

171 3482 302 3550 XXIII.
318 3484 419 3561 Αὐτὸς
443 3475 478 3550 δὲ
499 3487 631 3577 ὁμήρους
645 3477 750 3549 λαόὼν
762 3535 772 3568 ,
784 3484 835 3551 ἀπὶ
852 3484 909 3555 τήν
932 3479 1087 3547 θάλασσαν
1106 3480 1190 3553 ἀπή-

116 3611 196 3685 γαγε
208 3591 265 3663 τήν
280 3588 429 3683 ςρατιάν,
439 3594 515 3658 όπου
530 3588 588 3668 τὰς
601 3599 673 3668 ναῦς
688 3588 768 3683 εὗρεν
784 3585 1058 3663 ἐπισκευασθεέσας·
1070 3588 1189 3662 ταύτας

118 3696 175 3789 μὲν
196 3691 248 3763 οὖν
270 3690 417 3763 εἰσύαλθιν
438 3696 479 3774 εἰς
500 3700 557 3771 τήν
583 3694 758 3779 θάλασσαν,
778 3700 829 3763 ότι
851 3721 886 3761 τε
908 3690 1010 3761 πολλὰ
1032 3686 1093 3782 εἶχε
1115 3694 1189 3784 παρ’

117 3806 220 3890 θαυτῷ
247 3792 453 3895 ἀνδράποδα,
480 3803 531 3871 καὶ
558 3806 608 3869 ότι
634 3799 746 3893 συχνὰς
775 3813 836 3868 τῶν
862 3810 935 3867 νειῖιν
953 3806 974 3873 ή
994 3796 1190 3891 πλημμυρὶς,

118 3908 187 4002 περὶ
201 3906 237 3987 ής
252 3899 445 3993 δεδήλωται,
458 3901 640 3993 κατέδυσεν,
656 3910 685 3973 ἐν
701 3900 758 3975 δύο
773 3911 874 4001 μέρεσι
888 3910 926 3974 τὸ
939 3905 1100 3999 ςράτευμα
1118 3895 1190 3975 ,θια-

118 4008 255 4093 όιόάζειν
283 4006 432 4092 διενοήθη·
458 4010 566 4089 συνέόη
588 4006 642 4098 δὲ,
656 4017 689 4081 ἐκ
715 4016 866 4081 τοσούτου
888 4021 960 4080 νεῶν
989 4009 1140 4093 πλήθους,
1158 4011 1189 4075 έν

118 4125 279 4201 τοσούτοις
293 4129 397 4207 πλοῖς,
410 4125 480 4191 οὔτε
503 4125 532 4191 έν
555 4134 600 4212 τῷ
615 4123 676 4190 έπει
695 4122 818 4205 τούτῳ,
833 4122 904 4187 οὔτε
923 4122 953 4185 ἐν
979 4127 1024 4205 τῷ
1041 4118 1189 4211 πρόσθεν,

934 4238 1001 4322 28⁴
