3000 5025
318 521 388 589 DE
416 520 546 591 VITA
567 522 707 593 JULII
735 525 985 598 CAESARIS.
1124 556 1201 629 229

119 651 190 719 visa
211 652 431 747 scriptoribus
449 655 609 749 antiquis,
628 680 690 726 nec
705 657 787 727 mihi
800 661 900 729 etiam
919 661 1050 732 videtur
1069 661 1202 750 silentio
1223 713 1225 720 ι

119 760 468 851 praetereunda,inter
475 761 538 832 hos
547 768 833 852 motus,veterani
841 768 947 837 virtus
956 768 1069 839 militis
1079 756 1203 865 quiritae

119 861 283 959 legionis:
303 892 382 937 nam
402 867 483 939 dum
506 884 730 965 pugnaretur,
744 885 778 941 et
793 871 876 942 laevo
894 874 929 942 in
947 899 1053 944 cornu
1068 875 1215 973 elephas,

118 970 336 1059 vulneratus,
349 989 384 1044 et
402 974 517 1045 dolore
533 976 681 1047 vulneris
699 979 863 1068 irritatus,
879 980 966 1051 forte
987 984 1148 1054 inermem
1168 987 1204 1053 in

116 1074 218 1149 lixam
239 1080 413 1171 irntisset3
432 1096 466 1153 et
488 1083 693 1153 substratum
717 1086 858 1181 pedibus
881 1112 920 1158 ac
941 1088 1029 1159 mole
1051 1092 1203 1185 corporis

99 1204 101 1211 ’
118 1208 323 1280 oppressum
337 1202 372 1257 et
386 1191 515 1283 magnis
530 1190 727 1261 stridoribus
740 1195 895 1264 territum
912 1194 1110 1265 conficeret:
1125 1198 1204 1269 hor-

118 1292 226 1363 rendo
248 1293 443 1388 spectaculo
464 1296 506 1367 ad
523 1297 787 1369 misericordiam
805 1316 934 1386 motus,
957 1303 1072 1373 stricto
1095 1302 1205 1397 gladio

118 1402 288 1489 occurrit,
306 1399 433 1473 laturus
449 1426 566 1497 opem,
586 1428 694 1475 seram
713 1404 810 1495 lieet;
825 1407 896 1499 jam
914 1410 1003 1481 enim
1029 1406 1083 1479 ille
1105 1412 1206 1480 miser

118 1508 344 1600 expiraverat.
375 1510 490 1597 Quum
519 1534 600 1579 vero
627 1509 763 1606 elephas
788 1538 859 1583 sese
885 1514 975 1585 ferro
1004 1517 1073 1609 peti
1100 1517 1205 1604 vidit,

117 1614 245 1683 omisso
277 1614 440 1685 cadavere
467 1640 583 1688 versus
602 1618 637 1685 in
654 1616 814 1707 militem,
837 1620 1037 1714 proboscide
1061 1623 1205 1693 circum·

118 1734 263 1792 ventum
285 1722 320 1789 in
343 1721 447 1791 altum
473 1722 617 1793 extulit:
641 1726 742 1793 sensit
759 1724 854 1795 miles
879 1726 936 1797 ubi
959 1742 1061 1817 esset,
1086 1742 1120 1799 et
1144 1730 1207 1799 sibi

118 1840 177 1895 aut
200 1825 343 1897 viriliter
355 1828 535 1923 agendum,
544 1844 603 1901 aut
618 1829 759 1899 viriliter
773 1833 985 1902 moriendum
1001 1859 1073 1905 csse
1085 1860 1207 1931 cogno·

118 1934 187 2023 vit;
211 1933 329 2028 gladio
345 1960 444 2029 ergo,
459 1961 560 2031 quem
581 1938 618 2005 in
635 1938 790 2008 manibus
801 1939 1205 2037 habebat,pr0boscidem

118 2038 241 2113 belluae
260 2041 499 2137 vinculumque
518 2068 616 2113 suurn
634 2044 761 2114 crebris
783 2048 931 2141 repetitis
953 2048 1073 2117 ictibus
1093 2050 1203 2143 perfo-

118 2162 188 2235 rat3
205 2172 277 2241 quo
291 2150 401 2219 victus
416 2148 551 2245 elephas
569 2153 737 2240 cruciatu,
753 2155 843 2248 spuit
860 2153 903 2222 ad
921 2167 1046 2225 terram
1064 2154 1204 2227 militem

118 2253 351 2344 incolumem,
372 2271 406 2325 et
424 2256 523 2325 solito
543 2282 621 2325 cum
640 2258 784 2330 stridore
805 2259 849 2328 ad
877 2253 1050 2356 compares
1078 2261 1205 2333 belluas

118 2385 224 2431 cursu
246 2362 366 2457 rapido
386 2388 419 2432 se
438 2365 613 2433 convertit.
634 2366 781 2434 Tantum
800 2364 890 2436 valet
902 2368 936 2435 in
950 2368 1099 2463 periculo
1121 2395 1204 2464 prae·
1278 2391 1282 2396 ’

118 2484 214 2538 sente
237 2470 429 2540 interritum
446 2472 594 2542 animum
613 2467 759 2542 habere!

172 2580 292 2648 Caesar
312 2579 400 2648 trina
423 2593 531 2648 castra
553 2579 701 2649 hostium
722 2579 882 2676 adeptus,
904 2583 1089 2678 Scipionis,
1109 2584 1205 2653 Jubac

118 2698 155 2753 et
176 2685 340 2772 Labieni,
358 2687 449 2756 eaesis
464 2711 489 2754 x
501 2685 646 2755 millibus
658 2686 827 2775 hostium„
839 2687 921 2757 fusis
934 2686 1057 2761 aliisae
1073 2689 1206 2784 fugatis,

117 2815 143 2862 1.
170 2793 240 2862 suis
263 2805 394 2862 tantum
421 2792 623 2888 deperditis,
649 2791 776 2887 aliquot
803 2807 915 2862 autem
935 2792 1139 2883 uulneratis,
1170 2797 1204 2863 in

118 2913 234 2972 castra
249 2899 459 2994 regreditur3
479 2923 540 2969 mv
558 2898 791 2994 elephantibus
813 2902 936 2996 captis,
958 2902 1093 2970 annatis
1111 2927 1205 2972 more

119 3003 240 3094 solito,
258 3021 293 3074 et
310 3005 457 3080 turribus
472 3008 641 3078 instructis
656 3032 664 3075 :
681 3032 766 3100 quos
785 3006 903 3076 eodem
919 3032 987 3102 quo
1002 3009 1092 3102 capti
1109 3023 1205 3081 erant

118 3128 247 3182 ornatu
269 3127 347 3186 ante
362 3113 523 3208 oppidum
545 3115 692 3209 Tapsum
713 3113 835 3184 abduci
855 3115 974 3208 jussit3
995 3114 1067 3184 haec
1088 3115 1205 3188 videns

120 3221 147 3288 si
160 3220 254 3290 forte
267 3219 433 3316 Vergilius
446 3219 512 3290 loci
529 3235 656 3308 custos,
676 3222 781 3316 etqui
798 3245 912 3290 secum
926 3236 1037 3309 erant,
1052 3221 1205 3317 exemplo

120 3349 265 3396 suorum
286 3328 391 3416 moti,
413 3329 511 3400 insita
520 3326 745 3396 obstinatione
763 3327 937 3414 desistere,
956 3326 1044 3396 etad
1062 3353 1098 3396 se
1113 3343 1203 3397 tran·

120 3436 187 3503 sire
203 3431 462 3529 vellentzquum
477 3432 559 3505 nihil
577 3433 641 3508 hac
660 3435 881 3504 ostentatione
899 3433 1098 3528 proficeret,
1119 3437 1204 3504 Ver·

120 3540 242 3636 gilium
264 3542 461 3610 nominatim
480 3541 617 3612 evocari
639 3541 735 3636 fecit,
750 3566 894 3635 eumque
910 3537 1034 3608 blando
1051 3563 1204 3611 sermone

120 3663 155 3719 et
178 3672 251 3716 suaa
270 3648 590 3720 commemoratione
609 3645 792 3734 clementiae
814 3646 857 3716 ad
882 3648 1058 3717 transitum
1084 3647 1204 3717 cohor-

121 3769 215 3828 tatus
238 3768 297 3826 est.
314 3756 430 3843 Quum
453 3753 507 3824 ille
525 3753 656 3824 silentio
678 3779 714 3824 se
731 3769 877 3844 teneret,
898 3753 990 3848 quod
1007 3753 1206 3849 praevalidus

121 3861 221 3932 locus
248 3877 337 3950 erat,
358 3861 527 3956 paulisper
549 3861 592 3929 ab
614 3860 738 3958 oppido
757 3863 914 3950 secessit3
935 3875 1071 3955 postero
1092 3877 1204 3934 autem

122 3969 196 4056 die,
212 3967 379 4042 sacrificio
397 3967 466 4037 deis
489 3968 597 4058 facto,
611 3968 733 4065 dignus
750 3969 804 4036 vir
823 3971 881 4061 qui
899 3970 959 4038 uni
979 3982 1014 4036 et
1034 3993 1116 4038 vero
1129 3971 1204 4040 Deo

125 4075 328 4146 sacrificium
345 4075 488 4166 faceret,
506 4089 540 4144 et
558 4100 622 4170 pro
640 4099 680 4144 eo
698 4085 882 4169 pugnaret,
903 4091 1092 4146 convocato
1112 4097 1205 4149 exer·

125 4184 212 4273 citu,
240 4182 468 4279 spectantibus
497 4181 696 4276 oppidanis,
718 4179 839 4258 milites
862 4206 925 4278 pro
954 4185 1119 4258 concionc
1138 4184 1205 4254 col·

951 4301 1019 4389 15²
