3000 5025
297 516 372 593 ,ρο
677 488 987 559 Ρευεκειοιιι

294 626 516 723 κεκρυμμένους
527 616 805 715 συλλαμύάνουσιν.
818 595 866 687 (be
880 623 936 688 τὸν
948 620 1099 717 ἡγεμόνα,
1111 621 1282 715 Κορνήλιον
1290 670 1300 703 ,
1309 620 1374 689 πεί·

295 759 351 813 σας
371 724 441 800 δυσὶ
468 730 635 809 ταλάντοις
648 727 819 821 ”,,,ἀφείθη,
837 727 892 797 καὶ
908 721 1052 807 καταύάς
1074 726 1158 806 εὐθὺς
1180 729 1231 796 ἐπὶ
1243 730 1373 799 θαλατ-

295 866 354 909 ταν
363 892 373 925 ,
383 833 560 919 ἐξέπλευσεν
575 836 616 916 εἰς
629 832 769 905 Βιθυνίαν
784 836 861 929 πρὸς
872 825 1038 928 Νικομήδη
1056 834 1111 901 τὸν
1128 836 1269 921 βασιλέα.
1293 837 1374 929 Παρ’

296 946 321 1037 ᾧ
342 938 509 1040 διατρίψας
530 946 638 1039 χρόνον
660 947 694 1011 οὐ
715 943 830 1028 πολὺν,
849 938 906 1009 εἶτ’
923 942 1106 1025 ἀποπλέων,
1128 941 1288 1011 ἁλίσκεται
1306 946 1376 1037 περὶ

295 1056 353 1129 τήν
380 1054 627 1147 Φαρμακοῦσσαν
658 1046 771 1125 νῆσον”
795 1052 856 1119 ὑπὸ
881 1057 1054 1145 πειρατῶν,
1078 1038 1141 1123 ἤδη
1173 1050 1249 1118 τότε
1271 1052 1376 1131 ςολοις

294 1160 440 1257 μεγάλοις
461 1158 514 1227 καὶ
534 1158 681 1249 σκάφεσιν
703 1156 851 1236 ἀπλέτοις
871 1157 1068 1248 κατεχόντων
1086 1156 1144 1230 τήν
1161 1156 1336 1226 θάλατταν.

340 1269 386 1335 ΙΙ.
405 1268 537 1361 Πρῶτον
555 1266 609 1360 μὲν
623 1260 675 1332 οὖν
686 1262 820 1343 αἰτηθεὶς
834 1266 886 1331 ὑπ’
902 1267 1004 1331 αὐτῶν
1012 1264 1113 1358 λύτρα
1125 1262 1221 1331 εἴκοσι
1233 1265 1377 1334 τάλαντα

295 1375 523 1467 κατεγέλασεν,
541 1380 581 1451 ὡς
602 1373 658 1439 οὐκ
680 1361 831 1455 εἰδότων,
849 1369 883 1438 ὃν
902 1372 1057 1463 ᾑρήκοιεν·
1077 1372 1172 1450 αὐτὸς
1195 1362 1226 1436 δ’
1251 1374 1377 1463 ὡμολό-

294 1505 370 1575 γησε
381 1481 578 1553 πεντήκοντα
587 1469 607 1544 δ
610 1480 709 1545 ώσειν.
718 1458 841 1546 θίπειτα
856 1486 919 1544 τῶν
931 1476 1001 1571 περὶ
1013 1477 1107 1544 αὐτὸν
1122 1474 1216 1545 ἄλλον
1225 1477 1267 1558 είς
1280 1476 1377 1555 ἀλλην

296 1577 476 1680 διαπέμψας
496 1586 587 1653 πάλιν
611 1584 661 1652 ἐπὶ
679 1586 733 1652 τὸν
753 1591 816 1651 τών
832 1581 1002 1679 χρημάτων
1022 1586 1189 1678 πορισμὸν,
1209 1587 1239 1651 ἐν
1259 1586 1378 1679 ἀνθρώ·

294 1720 364 1771 ποις
386 1691 611 1783 φονικωτάτοις
630 1676 735 1771 Κιλιξι
758 1691 824 1785 μεθ’
844 1692 909 1769 ἑνὸς
926 1674 1041 1782 φίλου3
1064 1689 1116 1757 καὶ
1139 1681 1223 1759 δυοῖν
1243 1692 1379 1762 ἀκολού-

295 1801 357 1867 θοιν
377 1800 657 1891 ἀπολελειμμένος,
680 1802 764 1867 οὕτω
792 1804 1067 1894 καταφρονητικῶς
1087 1791 1186 1891 εἶχεν,
1208 1802 1271 1877 ὥςε
1293 1794 1387 1896 πέμέ

295 1933 374 1991 πων,
388 1904 494 1985 ὁσάκις
515 1906 727 1989 ἀναπαύοιτο,
741 1906 953 1999 προσέταττεν
970 1908 1076 1984 αὐτοῖς
1094 1910 1225 1997 σιωπᾷν.
1241 1890 1380 2001 Ἡμέραις

297 2005 333 2081 δὲ
349 2012 584 2107 τεσσαράκοντα
601 2002 682 2079 δυεῖν
702 2002 859 2096 δεούσαις,
873 2016 975 2105 ὥσπερ
994 2014 1029 2079 ού
1049 2014 1285 2107 φρουρούμενος,
1298 2014 1381 2083 ἀλλὰ

297 2112 557 2214 δορυφορούμενος
579 2121 632 2186 ὑπ’
658 2121 781 2203 αὐτῶν,
804 2118 855 2186 ἐπὶ
877 2124 996 2199 πολλῆς
1016 2110 1122 2199 ἀδείας
1142 2114 1306 2201 συνέπαιζε
1331 2122 1381 2189 καὶ

297 2222 553 2321 συνεγυμνάζετο.
563 2223 627 2293 Καὶ
636 2227 800 2319 ποιήματα
808 2223 952 2321 γράφων,
962 2224 1015 2294 καὶ
1026 2226 1138 2322 λύγους
1149 2224 1251 2311 τινάς,
1263 2226 1381 2322 ἀκροα-

296 2338 366 2411 ταῖς
382 2330 504 2410 ἐκείνοις
521 2334 649 2426 ἐχρῆτο·
666 2331 718 2399 καὶ
737 2332 811 2411 τοὺς
830 2335 873 2421 μὴ
894 2326 1108 2427 θαυμάζοντας
1126 2331 1270 2429 ἄντικρυς
1287 2336 1381 2404 άπαι-

298 2431 426 2518 δεύτους
440 2436 492 2506 καὶ
507 2432 680 2536 βαρύάρους
694 2438 857 2527 ἀπεκάλει,
870 2438 922 2508 κοίὶ
938 2440 992 2507 σὺν
1004 2441 1119 2536 γέλωτι
1131 2441 1282 2521 πολλάκις
1297 2445 1382 2518 ἠπεί-

295 2553 371 2622 λησε
395 2552 508 2640 κρεμᾷν
522 2547 659 2638 αὐτούς.
679 2545 721 2612 Οἱ
742 2538 772 2613 δ’
795 2548 936 2643 ἔχαιρον,
958 2546 1084 2641 ἀφελείᾳ
1110 2548 1172 2617 τινὶ
1192 2549 1244 2616 καὶ
1266 2542 1383 2641 παιδιᾷ
1439 2594 1442 2602 ·

297 2656 355 2728 τὴν
378 2653 550 2748 παρρησίαν
571 2654 690 2728 ταύτην
715 2655 869 2747 νέμοντες.
892 2638 938 2733 Ως
962 2647 993 2722 δ’
1016 2654 1089 2730 ήκον
1111 2659 1146 2724 ἐκ
1167 2658 1318 2731 Μιλήτου
1341 2657 1381 2724 τά

295 2763 416 2854 λύτρα,
434 2759 487 2828 καὶ
507 2751 579 2840 δοὺς
601 2759 729 2852 ἀφείθη,
746 2768 843 2829 πλοῖα
859 2764 1026 2856 πληρώσας
1044 2762 1129 2843 εὐθὺς
1148 2766 1184 2830 έκ
1201 2774 1260 2832 τοῦ
1276 2765 1380 2840 Μιλη-

298 2866 371 2936 σίων
395 2868 540 2960 λιμένος,
569 2865 619 2935 ἐπὶ
646 2868 719 2946 τοὺς
739 2866 850 2962 λρςάς·
865 2869 1014 2964 ἀνήγετο
1037 2869 1089 2937 καὶ
1118 2864 1310 2938 καταλαώὼν
1336 2874 1381 2940 ἔτι

298 2975 375 3067 πρὸς
393 2983 434 3069 τῇ
452 2977 536 3060 νήσῳ
561 2979 809 3066 ναυλοχοῦντας,
827 2976 978 3069 ἐκράτησε
1000 2985 1063 3044 τῶν
1084 2975 1230 3056 πλείςων.
1252 2979 1322 3046 Καὶ
1340 2977 1381 3046 τά

299 3081 354 3172 μὲν
377 3082 527 3174 χρήματα
545 3079 631 3147 λείαν
655 3083 843 3166 ἐποιήσατο,
861 3083 934 3161 τοὺς
963 3074 994 3150 δ’
1020 3075 1135 3178 ἀνδρας
1163 3087 1193 3150 ἐν
1220 3086 1380 3181 Περγάμῳ

299 3185 505 3278 καταθέμενος
528 3185 569 3265 εἰς
596 3186 634 3254 τὸ
664 3178 897 3282 δεσμωτήριον,
924 3191 1019 3269 αὐτὸς
1045 3191 1191 3285 ἐπορεύθη
1217 3193 1297 3286 πρὸς
1326 3195 1378 3262 τὸν

300 3285 449 3361 διέποντα
461 3295 518 3368 τήν
533 3281 631 3360 Ᾰσίαν
647 3277 774 3378 Ῐούνιον,
789 3300 829 3373 ὡς
842 3296 945 3386 ἐκείνῳ
955 3307 1125 3390 προσῆκον,
1137 3300 1205 3367 ὄντι
1216 3309 1379 3395 ςρατηγῷ,

299 3399 430 3468 κολάσαι
451 3401 522 3478 τοὺς
545 3401 734 3479 ἑαλωκότας.
760 3387 887 3468 Ἑκείνου
910 3393 945 3470 δὲ
969 3404 1022 3471 καὶ
1039 3412 1104 3483 τοῖς
1125 3408 1280 3500 χρήμασιν
1305 3410 1377 3476 ἐπο·

299 3508 514 3600 φθαλμιιῖιντος
533 3501 667 3602 (ἦν’γαρ
691 3510 746 3574 οὐκ
763 3504 897 3605 ὀλίγα),
914 3509 967 3580 καὶ
987 3511 1057 3604 περὶ
1082 3521 1144 3579 τῶν
1167 3512 1377 3606 αἰχμαλώτων

343 3744 368 3778 ι.
379 3725 446 3791 Ουαε
457 3725 562 3778 valeant
576 3722 649 3796 apud
659 3743 724 3792 σοι,
738 3726 815 3779 circi·
901 3748 927 3781 ε.
950 3730 1024 3783 Duas
1045 3731 1163 3784 nominis
1181 3732 1262 3804 hujus
1277 3733 1377 3787 insulas

298 3819 340 3859 ter
354 3823 384 3874 9,
400 3808 457 3876 877
473 3805 507 3858 fr.
523 3806 616 3876 Ipsum
629 3824 657 3858 se
672 3807 761 3860 (ἔσεισε
773 3819 815 3860 tot
857 3808 971 3862 collocat
985 3809 1077 3882 Steph.
1095 3812 1238 3882 Byzantia.
1249 3813 1376 3867 Salamini

299 3884 405 3938 talentis
417 3883 546 3951 redemit,
565 3897 633 3956 quot
654 3887 814 3959 cuicumque
857 3888 1009 3956 νίοίιιεσςει
1022 3891 1099 3944 uliam
1108 3894 1184 3961 juxta
1193 3891 1377 3959 Miletumde
1482 3924 1484 3947 ι

298 3965 371 4037 Sylla
382 3966 558 4036 promiserat,
568 3967 615 4038 qui
628 3985 715 4020 unum
727 3986 742 4020 e
752 3985 815 4040 pro-
858 3988 912 4040 qua
925 3969 970 4023 hic
986 3971 1081 4042 agitur.
1097 3971 1187 4026 Hodie
1199 3974 1347 4028 pharmaco.

296 4046 403 4116 scriptis
412 4045 716 4112 interemeri23necsine
723 4061 814 4104 mente
900 4050 926 4104 3.
941 4076 953 4098 ι
966 4050 1037 4106 cnm
1051 4071 1107 4106 uno
1115 4053 1293 4118 medicor-ait
1302 4055 1374 4109 Suet.

297 4123 364 4180 illud
379 4127 497 4197 pretium
511 4126 598 4184 solvit.
857 4129 886 4182 in
898 4129 963 4184 Coes.
974 4149 1011 4187 ετ.
