3000 5025
334 460 406 536 108
550 462 579 529 r.
609 460 766 529 censi
794 433 1185 526 cunnensium

327 593 485 681 miseriis,
496 592 693 663 inciderunt.
704 590 898 661 Cativulcus
910 615 1006 678 vero,
1018 590 1076 684 qui
1084 614 1199 659 secum
1211 612 1311 683 super
1322 586 1413 655 Ebu·

327 723 427 770 rones
441 702 514 795 pari
534 712 690 794 regnarat
710 699 871 792 imperio,
890 696 1040 791 ejusdem
1060 694 1235 764 consilium
1254 707 1410 775 secutus,

257 878 259 886 ,
326 809 473 897 romanis
495 832 566 877 sese
587 804 680 875 bellis
698 806 941 890 immiscuerat,
955 826 1102 897 quonam
1118 826 1170 871 res
1191 803 1337 871 venisset
1356 802 1410 869 in·

325 910 497 1008 telligens,
510 912 580 1006 jam
596 912 793 1007 grandaevus
812 924 846 979 et
860 909 983 979 laboris
1000 910 1193 1004 impatiens,
1212 934 1275 977 nec
1290 906 1412 1001 fugere

324 1016 440 1113 valens
461 1044 523 1089 nec
545 1044 696 1115 pugnare
718 1042 837 1103 ausus,
857 1042 994 1086 suarum
1012 1018 1159 1085 auctoris
1179 1039 1410 1086 aerumnarum

323 1124 525 1221 Ambiorigis
541 1140 644 1221 caput
657 1124 771 1196 multis
790 1124 1085 1219 imprecationibus
1106 1136 1295 1205 execratus,
1315 1146 1408 1189 mor-

323 1244 392 1301 tem
404 1233 467 1302 sibi
479 1233 649 1303 conscivit.
663 1234 791 1302 Vicinae
803 1246 918 1325 gentes
928 1230 995 1299 hoc
1007 1243 1130 1300 eventu
1142 1254 1259 1323 regum
1270 1229 1409 1315 territae,

322 1362 384 1432 per
398 1338 524 1434 legatos
538 1362 658 1434 pacem
673 1364 693 1407 a
708 1342 841 1409 Caesare
855 1339 1043 1433 petierunt,
1058 1360 1159 1431 quam
1178 1338 1224 1404 eis
1245 1336 1310 1405 hac
1331 1334 1408 1428 lege
1430 1360 1434 1365 ·

322 1448 503 1535 concessit,
518 1462 573 1533 ut,
587 1447 614 1514 si
630 1446 688 1541 qui
700 1445 899 1529 Eburonum
911 1470 952 1512 ex
963 1444 1043 1539 biga
1055 1445 1091 1511 in
1104 1441 1238 1511 illorum
1247 1441 1331 1512 fines
1347 1441 1407 1509 dea

321 1554 508 1645 venissent,
524 1552 567 1621 ad
582 1577 616 1621 se
630 1553 782 1646 captivos
797 1551 1020 1641 adducerent3
1032 1576 1092 1636 se,
1103 1547 1406 1641 sibocsacerent,
1418 1582 1423 1587 ·

318 1673 587 1754 temperaturum
607 1658 659 1727 ad
670 1658 844 1751 effictus,
864 1660 919 1725 ait.

340 1802 350 1849 5
374 1768 435 1835 His
461 1768 560 1856 actis,
581 1790 698 1835 omnes
729 1767 842 1860 copias
873 1763 1035 1833 trifariam
1064 1762 1194 1850 divisit,
1213 1785 1299 1831 neve
1325 1786 1406 1830 eum

320 1895 409 1940 curae
423 1869 495 1957 aliae
507 1871 747 1960 distraherent,
760 1869 999 1965 impedimenta
1013 1869 1126 1938 omnia
1141 1892 1247 1937 unum
1261 1866 1408 1937 contulit

316 1978 353 2065 in
375 1977 496 2063 locum.
516 1977 679 2048 Aduatica
701 1978 827 2072 oppido
844 2001 984 2063 nomen,
1000 1974 1095 2044 locus
1112 1975 1171 2043 ubi
1186 1976 1334 2043 Titurius
1347 1977 1406 2043 Sa·

317 2082 420 2165 binusv
432 2098 466 2153 et
480 2084 725 2173 Aurunculeius
746 2087 848 2154 Cotta
866 2083 1142 2170 hibernaturum,
1157 2082 1264 2168 unde,
1281 2096 1321 2151 ut
1336 2107 1404 2151 me·

316 2192 541 2279 moravimus,
564 2189 794 2285 imprudenter
815 2188 1055 2284 infeliciterque
1077 2187 1315 2257 discesserant·
1336 2190 1403 2259 Hic

316 2292 410 2383 locus
422 2296 571 2392 eligitur,
586 2311 619 2366 et
631 2296 722 2390 quod
737 2311 836 2391 aptus
850 2295 893 2364 ad
905 2309 1041 2384 caetera,
1051 2311 1085 2364 et
1095 2295 1187 2389 quod
1198 2296 1402 2365 munitiones

315 2406 394 2471 anni
415 2404 550 2475 alterius
575 2403 686 2473 adhuc
707 2406 853 2497 integras
879 2402 1045 2491 habebat,
1064 2416 1103 2470 ut
1126 2402 1233 2487 labori
1254 2399 1402 2471 militum

313 2526 518 2604 parceretur.
535 2514 719 2606 Legionem
733 2525 887 2604 quartam
898 2509 1062 2579 decimam
1078 2509 1231 2606 praesidio
1247 2507 1405 2600 dimittit,

313 2614 436 2712 legioni
453 2618 603 2713 praefecit
620 2620 786 2708 Quintum
805 2616 952 2686 Tullium
970 2619 1178 2686 Ciceronem.
1197 2617 1325 2684 Tamen
1341 2642 1401 2712 po·

312 2723 465 2818 pulatum
478 2727 512 2793 in
531 2725 708 2820 Menapios
730 2725 842 2818 tribus
858 2748 937 2793 curn
952 2721 1139 2818 legionibus
1158 2723 1346 2817 Labienum
1364 2739 1402 2793 et

313 2832 433 2901 Caium
458 2833 681 2917 Trebonium;
702 2830 841 2925 totidem
857 2833 893 2900 in
908 2829 1090 2900 Aduaticos
1113 2829 1321 2924 adjacentem
1343 2855 1398 2899 re·

312 2937 446 3030 gionem
464 2939 591 3033 dirigit3
605 2942 676 3034 ipse
686 2931 702 3028 ,'
714 2963 793 3008 cum
806 2937 960 3025 totidem,
973 2936 1191 3006 Arduennam
1204 2951 1238 3006 et
1254 2935 1403 3009 fluvium

312 3043 458 3112 Scaldim
477 3047 549 3140 qui,
565 3046 763 3116 Eburonum
775 3046 810 3112 in
825 3043 963 3131 finibus,
976 3046 1082 3114 Mosae
1096 3042 1258 3131 illabitur,
1268 3045 1398 3138 pergit,

311 3151 402 3244 quod
427 3176 467 3220 eo
494 3153 743 3246 Ambiorigem,
765 3153 822 3244 qui
846 3149 997 3218 nondum
1019 3151 1178 3243 Rhenum
1200 3150 1397 3239 transierat,

311 3257 501 3353 confugisse
518 3259 691 3346 audiebat,
708 3273 743 3328 et
764 3257 969 3352 digrediens,
987 3282 1023 3326 se
1046 3258 1089 3326 ad
1103 3258 1195 3326 diem
1214 3258 1396 3351 septimum

309 3363 496 3460 rediturum
504 3365 654 3461 spondet.
667 3364 751 3435 Inde
759 3363 886 3458 legatos
897 3362 977 3453 duc,
989 3389 1073 3457 quos
1084 3364 1249 3450 mittebat,
1262 3376 1299 3431 ut
1311 3346 1395 3438 iteni

309 3469 451 3560 faciant,
474 3475 500 3542 si
520 3472 633 3561 liceat,
648 3470 771 3542 monet
799 3473 956 3540 Ciceroni
971 3472 1122 3566 praecipit
1141 3485 1180 3540 ut
1203 3485 1394 3540 castrorum

309 3578 468 3648 custodiae
482 3582 646 3667 intentus,
662 3577 792 3647 nullum
806 3579 912 3670 portis
933 3578 1047 3672 egredi
1058 3580 1153 3647 sinat
1167 3580 1212 3646 Et
1224 3591 1306 3648 tuuc
1319 3579 1394 3671 qui·

308 3682 386 3754 dem
397 3689 483 3771 acies
492 3687 656 3774 hostium,
667 3710 741 3780 quae
751 3686 862 3754 timeri
869 3699 993 3779 posset,
1001 3687 1037 3753 in
1048 3686 1190 3782 circuitu
1200 3682 1293 3752 nulla
1303 3699 1391 3754 crat:

309 3795 449 3885 sparsim
458 3817 493 3862 se
508 3793 597 3862 silvis
611 3817 650 3862 ac
662 3790 840 3886 paludibus
853 3791 1084 3880 continebant,
1094 3814 1183 3886 quos
1190 3793 1347 3885 persequi
1358 3805 1392 3862 et

307 3894 443 3968 latebris
462 3925 582 3969 eruere
603 3911 783 3995 operosum
801 3914 874 3983 erat
895 3923 935 3968 ac
957 3896 1100 3968 difficile.
1126 3899 1216 3971 Nam
1239 3899 1269 3970 si
1292 3895 1391 3969 simul

291 4009 472 4076 ..exercitus
485 4007 696 4094 duceretur,
717 4005 793 4076 loca
814 4021 911 4076 erant
933 4004 1118 4100 legionibus
1142 4030 1182 4081 ac
1203 4004 1306 4100 signis
1327 4007 1391 4072 im·

308 4114 441 4218 pervia3
457 4115 508 4187 sin
530 4129 642 4186 autem
663 4127 891 4210 spargeretur,
906 4127 978 4182 erat
995 4114 1110 4208 paucis
1125 4113 1167 4181 ab
1184 4113 1278 4182 omni
1291 4125 1393 4207 ,parte
