3000 5025
296 484 342 552 82
513 476 543 544 J.
572 476 728 545 CELSI
757 471 1152 542 COMMENTARII

293 608 420 681 suntet
435 609 646 681 obtumcaut.
662 607 799 701 Equites
815 620 927 673 autem
943 605 1061 694 AEdui,
1078 604 1165 675 duce
1177 609 1317 697 amisso,
1331 609 1376 678 ad

292 722 481 804 Goesarem,
497 739 541 783 an
562 714 730 801 volentes,
751 736 795 781 an
815 714 927 798 inviti,
943 710 1094 781 redeunt

290 864 295 871 -
346 828 429 893 Post
440 823 660 916 Dumnorigis
679 839 775 915 equo
796 817 938 914 amplius
951 817 1088 887 dilatam
1108 819 1250 908 caedem,
1266 819 1310 889 ad
1321 845 1381 890 na*

291 932 495 1027 rigationem
507 930 728 998 interrm'ssam
741 930 854 997 Caesar
866 928 1016 994 animum
1029 926 1175 1015 reflexit3
1190 940 1242 1013 et,
1255 927 1376 999 relicto

292 1042 328 1107 iri
340 1036 456 1107 Galliis
469 1036 711 1105 Labiene-cum
722 1034 830 1102 tribus
840 1031 1027 1127 legionibus
1036 1047 1072 1103 et
1085 1033 1219 1103 duobus
1230 1033 1379 1105 millibus

293 1143 436 1213 militum
446 1144 527 1235 ,'qui
545 1156 578 1209 et
592 1156 710 1235 portus
728 1140 939 1226 defenderet,
954 1154 990 1207 et
1006 1142 1166 1209 exercitui
1183 1156 1380 1235 opportuna
1468 1170 1474 1183 ·

291 1250 553 1319 transmitteret:
577 1261 633 1335 et,
653 1249 679 1316 si
701 1246 792 1341 quod
814 1248 893 1315 novi
914 1244 977 1313 illis
998 1247 1033 1313 in
1052 1248 1150 1315 terris
1169 1263 1379 1341 emergeret,

291 1356 467 1426 eonsilium
487 1356 631 1449 tempori
645 1376 685 1423 ac
701 1354 803 1421 rebus
816 1352 974 1420 idoneum
988 1375 1059 1420 nou
1072 1352 1212 1423 deesset.
1226 1356 1303 1448 Ipse
1319 1377 1380 1424 oc·

294 1462 425 1532 cidente
447 1459 516 1530 sole
538 1460 653 1528 firnem
676 1458 793 1547 solvit,
812 1474 846 1527 et
865 1480 1032 1553 prospero
1045 1480 1154 1553 usque
1174 1459 1219 1528 ed
1231 1460 1380 1531 mediam

294 1584 429 1638 nectem
442 1581 544 1636 vento
557 1590 637 1635 usus
650 1618 660 1653 ,
674 1582 712 1635 et.
720 1588 812 1635 nune
826 1564 961 1633 taudem
975 1557 1157 1634 destitues
1165 1580 1249 1635 estu
1264 1566 1383 1662 impel-

294 1674 382 1745 lente
404 1675 606 1743 destinatum
624 1676 686 1742 iter
707 1674 984 1767 praetermiserat3
1003 1671 1057 1739 die
1073 1671 1212 1744 ἆθηιυπι
1222 1676 1381 1767 pretinm

293 1783 337 1851 ed
351 1780 436 1850 illud
447 1784 556 1876 ipsum
574 1778 683 1867 littus,
697 1780 755 1847 ubi
772 1798 862 1847 anno
880 1779 1051 1872 superiore
1064 1778 1300 1868 demersisset,
1314 1781 1382 1850 sub

294 1889 466 1957 meridiem
485 1900 535 1955 est
556 1901 773 1981 perventum,
795 1908 905 1979 neque
923 1882 1011 1954 ullas
1024 1885 1131 1954 bostis
1147 1886 1196 1954 ibi
1210 1888 1380 1960 inventus.

295 1993 395 2063 Multi
416 1992 552 2087 quidem
572 1992 725 2076 fueraut3
747 1991 825 2078 sed,
847 2005 886 2059 ut
903 2016 945 2059 ex
957 1993 1098 2086 captivis
1116 2007 1167 2061 est
1186 1995 1381 2087 cognitum,

295 2117 365 2169 tem
383 2120 562 2168 numerosa
574 2113 709 2191 tamque
721 2099 884 2166 instructa
899 2096 1003 2167 classe
1022 2114 1221 2194 conspecta,
1240 2115 1383 2196 surpere
1479 2160 1483 2173 .

296 2230 335 2276 ac
354 2218 448 2275 metu
468 2219 678 2299 praeurgente
700 2203 924 2299 diffirgeraut,
942 2219 1047 2298 atque*
1063 2206 1097 2273 in
1115 2221 1275 2275 montana
1296 2226 1382 2277 coie-

297 2312 504 2383 scendetant.
520 2310 623 2398 Quod
635 2314 748 2380 cesar
756 2308 958 2405 intelligens,
971 2310 1174 2406 cdocnnpre
1182 2313 1242 2382 ubi
1252 2331 1382 2404 essent,

297 2434 406 2501 castra
430 2430 574 2487 metatus
594 2419 630 2484 in
651 2415 782 2505 littore,
802 2432 836 2485 et
857 2418 1011 2511 pracsidio
1032 2421 1148 2488 castris
1170 2442 1211 2489 ac
1235 2422 1383 2491 numbers

297 2511 476 2621 impedio,
494 2524 537 2592 ad
556 2525 775 2618 quaerendum
794 2526 907 2594 hostes
928 2527 1016 2619 rapit
1036 2528 1239 2614 exercitium,
1258 2529 1383 2622 quibus

297 2657 358 2728 per
380 2646 513 2700 noctem
535 2633 826 2724 appropinquans,
844 2654 942 2698 mane
963 2630 1036 2701 illos
1056 2635 1091 2698 in
1113 2649 1297 2729 conspectu
1318 2636 1382 2706 he·

298 2739 379 2808 buit.
397 2738 451 2808 Illi
470 2738 616 2806 vicissim
630 2735 783 2830 hostibus
796 2753 1027 2826 occurrentes,
1041 2754 1076 2806 et
1090 2739 1132 2807 ed
1146 2742 1254 2835 ripam
1269 2745 1382 2813 amnis

298 2844 415 2916 altiore
436 2843 478 2913 de
504 2842 580 2912 loco
601 2845 765 2938 impetum
785 2843 965 2934 facientes,
984 2846 1026 2913 ab
1051 2848 1201 2940 equitatu
1223 2850 1383 2920 Caesareo

298 2951 365 3020 lusi
382 2964 477 3038 sunt,
491 2952 526 3017 iu
542 2948 707 3044 silvasque
720 2950 926 3044 refugerunt
946 2952 999 3020 lbi
1017 2950 1149 3040 locum,
1166 2969 1288 3022 neura
1301 2955 1384 3026 vali·

299 3057 399 3145 dum,
417 3058 543 3126 truncis
565 3079 604 3126 ac
626 3059 823 3126 transversis
844 3057 1020 3126 arboribus
1041 3053 1283 3130 validissimu-
1302 3063 1384 3133 effe·-

295 3159 434 3233 ‘cerantt
449 3187 490 3232 eo
503 3177 615 3231 tamen
633 3165 775 3258 septima
789 3161 876 3258 legio
888 3167 1092 3258 penetravit,
1105 3181 1153 3252 et,
1167 3169 1262 3261 qussi
1275 3169 1380 3259 feras,

300 3268 414 3340 lustris
425 3270 515 3339 ferro
529 3267 671 3364 expulit:
685 3285 719 3338 at
739 3269 821 3338 dum
834 3269 996 3366 profugos
1010 3269 1141 3365 long'ms
1157 3276 1250 3368 sequi
1263 3276 1381 3367 vellet,

301 3375 603 3472 propter'locorum
613 3378 830 3471 imperitiam,
842 3397 862 3444 a
875 3376 962 3446 duce
973 3379 1143 3473 prohibita
1152 3394 1211 3449 est.
1223 3383 1288 3450 Hic
1300 3405 1383 3478 quo·

301 3503 367 3578 que
380 3498 560 3578 tempestas
577 3482 680 3577 altera
695 3499 867 3552 romanam
886 3482 1027 3555 dasem
1038 3489 1190 3576 vexavit,
1203 3503 1242 3558 rt
1254 3511 1289 3557 se
1304 3515 1383 3559 con

301 3604 466 3686 temptum
489 3613 509 3658 a
531 3605 628 3686 gente
651 3589 915 3678 mediterranea,
937 3594 1069 3686 penitus
1092 3592 1257 3688 indignari
1278 3611 1380 3692 atque
1437 3603 1442 3608 ’

301 3697 399 3767 irasci
419 3696 589 3774 videretur
609 3697 783 3784 Oceanus,
804 3711 839 3766 ct
860 3697 1002 3768 coelestis
1021 3701 1070 3768 ira
1090 3712 1282 3771 terrestrem
1304 3726 1380 3772 rur·

300 3816 357 3873 sus
379 3805 602 3898 pervicaciam
623 3818 803 3872 coerceret.
828 3806 909 3874 Non
931 3807 1020 3875 euim
1042 3807 1275 3877 tantumnodo
1299 3813 1381 3881 anni

300 3909 436 3979 alterius
453 3910 596 4005 aequevit
609 3910 879 3999 incommodum,
895 3911 953 3981 sed
970 3914 1182 3984 transcendit
1202 3915 1306 4005 Quod
1319 3918 1381 3987 ubi

301 4019 425 4086 Caesari
438 4033 458 4084 a
471 4017 600 4106 Quinto
613 4017 726 4106 Atrio,
739 4040 840 4112 quern
850 4017 946 4088 classi
959 4020 1167 4115 prefecerat,
1181 4025 1381 4093 armentum

298 4138 368 4210 est,
389 4121 477 4196 illico
499 4121 649 4220 legiones
665 4147 748 4220 quae
770 4126 813 4197 ad
833 4127 1074 4221 insequendum
1095 4129 1382 4226 quaerendumque
