3000 5025
310 458 385 532 338
605 461 642 526 C.
671 456 817 524 JULII
845 452 1082 523 CAESARIS

963 590 990 613 Η

306 594 368 662 ἀπὸ
388 602 445 660 τοῦ
466 592 629 684 Γαρούμνα
646 590 750 683 μέχρις
772 589 823 655 ἐπὶ
840 587 883 655 τὰ
907 590 1087 681 Πυρρηναῖα
1105 586 1158 678 όρη
1171 636 1180 669 ,
1193 584 1244 653 καὶ
1262 582 1304 653 τά
1322 592 1383 653 τοῦ

243 724 248 732 ·
305 689 503 767 Ᾱτλαντικού
516 682 655 765 Ωκεανοῦ
669 696 709 774 εἰς
723 680 848 787 ’ίύηρίαν
866 693 1016 761 τείνοντα·
1032 694 1132 786 άφορᾷ
1146 683 1182 758 δὲ
1201 690 1244 758 τὰ
1262 686 1382 784 μεταξὺ

305 788 434 900 Ᾰρκτων
454 830 489 871 τε
507 803 559 870 καὶ
577 804 745 871 ἀνατολῶν.

357 915 402 981 ΙΙ.
418 891 465 977 siv
479 901 499 975 δ
501 913 516 977 ε’
525 935 602 979 ποτε
615 906 699 1001 παρὰ
713 914 779 985 τοῖς
792 893 959 984 Ελύητίοις
973 906 1048 999 ἀνὴρ
1059 906 1312 987 πλουσιώτατος,
1329 901 1382 970 καὶ

304 1026 349 1107 τῷ
362 1022 442 1122 μένει
453 1017 699 1109 λαμπρότατος,
718 1042 743 1079 ω
758 1010 855 1105 ὄνομα
876 1010 911 1086 ἦν
931 998 1118 1107 Ορχέτορυξ.
1134 1008 1236 1088 Οὗτος
1259 1012 1313 1104 μὲν
1329 1006 1382 1076 οὖν

304 1125 354 1192 ἐπὶ
372 1125 498 1192 θπάτων
515 1122 658 1216 ΙΜάρκου
683 1118 835 1187 Μεσσαλα
855 1145 890 1186 τε
909 1119 961 1185 καὶ
978 1116 1107 1210 Μάρκου
1132 1116 1304 1199 Πείσωνος,
1326 1126 1384 1183 τοῦ

304 1226 471 1300 ύασιλεύειν
488 1228 607 1322 μάλιςα
620 1227 787 1319 ἐπιθυμῶν,
798 1235 921 1319 πρῶτον
936 1227 990 1317 μὲν
1005 1224 1087 1317 μετὰ
1100 1235 1162 1291 τῶν
1182 1225 1381 1318 εὐχενεςέρων

304 1340 487 1429 τυνώμοσιν·
499 1336 607 1402 ἔπειτα
620 1327 639 1401 δ
642 1334 654 1401 ὲ
665 1332 716 1401 καὶ
726 1336 781 1405 την
793 1333 883 1400 πολιν
894 1333 1032 1399 ἀνέπεισε
1041 1324 1198 1423 πανδημεὶ
1213 1340 1268 1408 τῆς
1278 1333 1382 1423 χώρας

305 1445 517 1537 ἐκςρατεόειν,
533 1447 626 1534 ῥᾷςον
640 1431 792 1518 ἐπιδείξας
804 1433 878 1506 εἶναι
891 1443 994 1516 αὐτοῖς
1009 1436 1167 1531 κρατίςοις
1183 1433 1267 1519 οὖσι,
1277 1437 1382 1513 πάσης

304 1560 361 1629 τῆς
382 1548 538 1626 Γαλατίας
562 1545 676 1640 άρχειν.
695 1548 845 1632 Τοσούτῳ
865 1537 901 1612 δὲ
927 1549 1044 1637 μᾶλλον
1066 1548 1152 1634 αὐτῷ
1175 1544 1204 1610 οἱ
1229 1529 1384 1619 Ελύότιοι

304 1655 489 1738 ίπίςευσαν,
512 1657 575 1741 όσῳ
594 1652 788 1744 πανταχόθεν
805 1662 862 1730 τῆς
881 1659 963 1743 σφῶν
983 1655 1085 1743 χώρας
1102 1650 1191 1718 αὐτοὶ
1209 1649 1384 1744 περιφράτ·

303 1788 424 1830 τονται·
440 1773 479 1855 τῇ
496 1762 569 1853 μὲν,
583 1768 629 1848 τῷ
644 1744 732 1845 Ρόνῳ
751 1759 910 1853 εὐρυτάτῳ
923 1783 959 1824 τε
973 1757 1024 1826 καὶ
1040 1752 1208 1844 ύαθυτάτῳ
1222 1758 1307 1839 ὄντι,
1324 1761 1382 1833 τόν

304 1870 331 1935 θ’
343 1855 521 1942 Ελύητικὴν
535 1868 598 1935 ἀπὸ
612 1877 674 1934 τῶν
690 1867 852 1959 Γερμανῶν
866 1865 1085 1956 άποτίμνοντι·
1097 1874 1138 1958 τῆ
1153 1856 1204 1949 δὲ,
1216 1870 1263 1948 τῷ
1278 1848 1384 1957 Ῐούρορ,

304 1977 366 2067 όρει
384 1972 574 2064 ὑψηλοτάτῳ
592 1976 623 2039 τ’
642 1972 731 2056 όντι,
748 1971 801 2039 καὶ
819 1974 876 2047 τὴν
895 1958 1073 2047 Ελύητικήν
1092 1972 1154 2045 ἀπὸ
1180 1981 1235 2048 τῆς
1255 1971 1384 2038 Σεκανι-

307 2091 361 2159 κῆς
380 2072 553 2174 διορίζοντι·
573 2088 614 2172 τῇ
634 2070 685 2162 δὲ,
705 2090 745 2173 τῇ
763 2105 799 2146 τε
819 2077 952 2171 Λεμάνῳ
973 2077 1089 2171 λίμνῃ,
1118 2077 1169 2145 καὶ
1187 2084 1234 2165 τῷ
1251 2061 1383 2165 Ροδανῷ

306 2195 441 2279 ποταμῷ
454 2188 567 2263 αὐτοὺς
584 2185 646 2253 ἀπὸ
668 2196 725 2262 τῆς
738 2195 801 2251 τῶν
821 2169 970 2278 Ῥωμαίων
988 2183 1137 2277 ἐπαρχίας
1156 2176 1383 2277 διαχωρίίοντι.

306 2291 409 2359 Αὗται
424 2294 477 2384 μὲν
490 2288 540 2359 οὖν
555 2287 631 2365 ἦσαν
646 2292 677 2358 αἱ
688 2289 785 2357 αἰτίαι
799 2302 856 2358 τοῦ
870 2292 983 2369 αύτούς
996 2316 1031 2357 τε
1045 2300 1101 2357 τοῦ
1111 2293 1154 2384 μὴ
1168 2292 1248 2360 πολὺ
1257 2289 1301 2370 εἰς
1315 2292 1383 2385 ἐυρθ

307 2391 551 2489 διασπείρεσθαι,
568 2396 618 2465 καὶ
639 2390 856 2491 δυσχερές-ερον
875 2399 926 2466 ἐπὶ
941 2397 1013 2474 τοὺς
1031 2400 1228 2490 προσχώρους
1245 2398 1383 2491 πόλεμον

308 2506 452 2598 ἐκφέρειν
465 2509 526 2582 ὥςε
541 2502 628 2572 αὐτοὶ
641 2496 747 2598 ἄνδρες
760 2504 961 2617 φιλοπόλεμοι
975 2502 1095 2597 μάλιςα
1105 2506 1206 2588 ὄντες,
1221 2496 1277 2572 διὰ
1288 2517 1382 2574 τοῦτο

309 2617 476 2680 ἐλυποῦντο
491 2611 631 2704 ἰσχυρῶς.
646 2612 728 2705 Πρὸς
743 2614 865 2690 τούτοις
881 2603 936 2696 δὲ,
950 2612 1026 2704 πρός
1043 2637 1077 2678 τε
1098 2615 1136 2679 τὸ
1154 2619 1217 2678 τῶν
1238 2615 1384 2681 ἐνοικούν-

310 2745 370 2787 των
389 2718 505 2796 πλῆθος
524 2718 575 2785 καὶ
592 2721 649 2791 τὴν
664 2716 747 2786 κατὰ
761 2720 815 2786 τὸν
833 2719 967 2812 πόλεμον
982 2717 1034 2784 καὶ
1047 2719 1158 2810 ἀρετὴν
1173 2726 1256 2809 σφῶν
1274 2711 1384 2801 δόξαν,

311 2824 490 2903 ςενωτάτην
502 2828 604 2918 χώραν
620 2818 755 2916 ἐνόμιζον
765 2826 855 2916 ἔχειν,
870 2837 966 2918 μῆκος
981 2825 1035 2916 μὲν
1047 2824 1133 2916 χίλια
1142 2827 1320 2893 ἐννεακόσια
1335 2826 1385 2894 καὶ

312 2932 405 3000 ε’ίκοσι
419 2923 532 3014 ςάδια,
543 2927 627 3023 ιύρος
643 2923 678 2997 δὲ
694 2931 781 3022 χίλια
799 2932 986 3024 τετρακόσια
993 2930 1049 2997 ’καὶ
1062 2931 1156 3000 εἴκοσι
1168 2933 1382 3028 περιέχουσαν.

364 3039 428 3104 ΙΙΙ.
449 3038 578 3114 Τούτοις
605 3038 657 3128 μὲν
677 3035 727 3104 οὖν
748 3037 941 3130 πειθόμενοι,
958 3037 1010 3103 καὶ
1030 3046 1077 3123 τῷ
1098 3048 1155 3104 τοῦ
1172 3023 1385 3134 Ορχετόρυχος

312 3137 464 3235 ἀξιώματι
475 3141 735 3236 παρορμηθέντες,
745 3141 787 3210 τὰ
800 3147 876 3235 πρὸς
884 3135 1062 3235 ὁδοιπορίαν
1076 3146 1181 3211 πάντα
1194 3140 1385 3237 ἐψηφίσαντο

312 3242 607 3341 παρασκευάζεσθαι,
616 3245 678 3317 οἷον
687 3242 836 3343 ὑποζύγιά
846 3274 881 3315 τε
893 3252 945 3318 καὶ
956 3251 1083 3342 ἅρματα
1091 3250 1143 3318 καὶ
1157 3247 1239 3317 ἄλλα
1252 3265 1384 3328 τοιαῦτα

312 3348 503 3424 παντοδαπὰ
521 3363 560 3433 ὡς
576 3361 689 3433 πλεῒςα
709 3356 862 3438 ὠνεῖσθαι,
874 3357 926 3424 καὶ
946 3356 1077 3449 σπόρους
1098 3364 1137 3435 ὡς
1160 3354 1324 3443 πλείςους,
1338 3363 1384 3426 ἵνα

314 3469 330 3529 ό
344 3469 428 3540 σῖτος
442 3461 609 3554 σφίσυκαθ
623 3453 696 3528 ὁδὸν
710 3453 870 3554 διαρκοίη,
887 3462 1053 3545 ποιεῖσθαι,
1065 3462 1182 3555 εἰρήνην
1197 3455 1233 3531 δὲ
1246 3467 1301 3532 καὶ
1313 3492 1385 3557 συμ-

312 3568 426 3661 μαχίαν
438 3570 513 3661 πρὸς
526 3565 582 3645 τθις
596 3559 781 3661 περιοικίδας
794 3568 897 3648 πόλεις
908 3568 1103 3643 ποιήσασθαι.
1118 3569 1171 3647 Εἰς
1185 3561 1220 3636 δὲ
1232 3573 1271 3638 τὸ
1283 3583 1384 3640 ταῦτα

312 3668 513 3767 διαπράττειν
529 3665 585 3740 δύο
599 3675 653 3748 ίτη
669 3673 754 3766 σφίσι
765 3667 819 3740 δια
837 3677 932 3742 κίσειν
945 3673 1142 3767 νομίσαντες,
1154 3683 1202 3763 τῷ
1216 3677 1313 3770 τρίτῳ
1329 3683 1382 3753 την
1481 3696 1485 3707 ·

310 3773 488 3873 ὁδοιπορίαν
496 3781 766 3874 ίπεκύροισαν.Τὸν
774 3773 804 3846 δ’
810 3701 1112 3877 δρχετόρυγατοῢτο
1118 3785 1382 3877 κατεργασόμενον

312 3879 545 3969 ἀποδείξαντες,
555 3889 664 3965 ἐκεῖνος
676 3891 733 3962 τὴν
744 3883 906 3980 πρεσύείαν
919 3890 973 3980 μὲν
987 3879 1208 3982 προσεδέξατο.
1219 3889 1300 3956 Καθ’
1312 3883 1382 3958 ὁδὸν

312 3986 349 4060 δὲ
367 3994 507 4062 Κάτικον
529 3997 583 4061 τὸν
602 3988 927 4088 Καταμανταλίδους,
946 4005 1003 4063 τοῦ
1017 3995 1113 4062 πολὺν
1131 3996 1238 4089 χρόνον
1259 3999 1290 4062 ἐν
1319 4003 1383 4070 τοῖς

314 4101 453 4180 Σικανοῖς
464 4097 720 4185 ύασιλυόσαντος,
735 4101 787 4170 καὶ
800 4103 889 4193 φίλου
902 4104 964 4171 θπό
974 4128 1010 4169 τε
1026 4113 1082 4180 τῆς
1095 4100 1252 4197 γερουσίας
1266 4103 1315 4170 καὶ
1330 4111 1384 4171 τοῦ
