3000 5025
292 438 519 509 DE.V1TA
545 437 692 505 JULII
721 436 967 505 CAESARIS.
1090 463 1157 535 ¹9¹

112 595 219 667 agere:
231 574 443 669 pacemne,
474 575 542 641 nisi
568 586 687 641 trunco
711 586 747 639 et
771 570 891 639 oblato
918 570 1017 640 nobis
1050 579 1165 670 capz'te

104 682 255 769 ‚Cesarea
276 704 453 775 nurmtazm
471 684 560 748 en‘t:
582 679 709 749 dictum
730 680 910 771 pessimum
926 694 959 747 et
976 681 1087 751 nescio
1103 683 1163 750 ini·

111 789 154 879 qui
162 790 260 882 magis
274 788 437 875 hominis,
453 808 496 854 an
510 786 658 854 amentis.
675 787 823 853 Venerat
835 786 869 851 in
879 785 1019 877 Epirum
1035 788 1163 874 Casar,

38 938 40 995 ξ
109 893 187 962 rebus
206 896 239 962 in
261 893 359 963 Italia
376 919 439 988 pro
457 908 607 988 tempore
629 891 810 985 dispositis,
826 905 963 985 propter
981 891 1163 990 festinatio·

38 1012 39 1101 3
108 1022 167 1067 nem
190 1001 323 1095 quidem
351 999 418 1069 fine
444 1026 512 1069 non
534 1013 708 1093 expectato
724 997 814 1083 ,sed
835 996 951 1066 relicto
981 998 1025 1067 ad
1056 1003 1165 1069 Brun·
1196 1067 1200 1074 ,

107 1104 218 1175 dusium
246 1109 395 1177 Antonio
423 1130 499 1177 cum
531 1120 626 1200 parte
655 1106 841 1191 exercitus,
867 1128 968 1198 quam
996 1107 1163 1199 trajecisse

38 1206 39 1247 ³
107 1216 302 1307 nequiverat,
324 1228 362 1281 ut
384 1213 575 1307 conquisitis
594 1210 718 1305 seilicet
732 1236 771 1279 ac
791 1210 924 1280 refectis
936 1211 1095 1299 navibus,
1108 1212 1163 1281 ille

105 1336 320 1415 eam‚arrepta
329 1317 786 1416 opportunitate,trajiceret;
800 1317 890 1411 quod
899 1342 1003 1411 quum
1015 1320 1162 1413 cupienti

37 1438 39 1523 3
105 1450 156 1493 non
175 1429 258 1495 satis'
273 1426 502 1520 expediretur,
524 1437 618 1493 tanta
636 1438 708 1491 erat
726 1424 1164 1518 impatientiaexpectandi,
1249 1440 1251 1447 '

37 1526 41 1599 ἶ.
105 1545 132 1599 ut
147 1532 184 1599 ad
204 1532 394 1603 evocandos
417 1533 492 1599 viva
519 1531 620 1617 voce,
643 1554 726 1623 quos
756 1555 842 1625 saepe
864 1531 1088 1625 nequidquam
1110 1530 1161 1600 lit-

37 1614 39 1707 l
104 1641 164 1725 teris
183 1653 369 1725 evocasset,
392 1636 557 1707 tumidum
583 1638 690 1705 ventis
715 1660 807 1703 mare
832 1636 960 1729 ingredi
986 1639 1162 1731 piscatoria

37 1766 39 1833 ς
103 1746 192 1815 cinba
211 1745 322 1834 solus,
334 1748 533 1839 intempesta
547 1757 662 1830 poete,
680 1766 748 1809 non
761 1743 927 1809 timuerit:
947 1743 1006 1811 sed
1020 1745 1162 1839 rejectus

37 1908 39 1919 ,
101 1852 135 1937 ad
152 1867 273 1921 terram
291 1852 397 1921 fluctu
413 1850 540 1939 valido,
561 1852 624 1918 iter
642 1850 873 1936 temerarium,
887 1858 958 1916 non
975 1865 1083 1938 metu,
1104 1851 1162 1921 sed

37 1990 38 1997 ι
101 1963 279 2029 necessitate
295 1959 462 2045 destituit,
480 1972 561 2025 nota
581 1971 633 2025 est
649 1981 716 2025 vox
730 1955 802 2047 ejus
817 1955 859 2023 ad
874 1957 1067 2025 exterritum
1082 1983 1162 2027 noc·

37 2076 39 2145 ζ
101 2078 184 2135 turno
209 2091 367 2161 aequore,
396 2089 502 2159 eoque
530 2062 679 2159 periculo
704 2063 987 2156 gubernatorem.
1011 2065 1106 2155 Quid
1126 2082 1164 2133 tu

37 2216 40 2243 ÷
102 2175 229 2243 metuo?
250 2176 424 2245 Caesarem
445 2170 550 2240 velus
570 2173 761 2239 Consecuto
783 2194 861 2237 cum
882 2169 1038 2239 omnibus
1060 2174 1163 2291 copiis

37 2328 39 2365 ,
101 2282 196 2371 paucis
216 2280 353 2399 diebus,
374 2278 536 2365 Antonio,
557 2291 591 2345 et
611 2276 751 2345 admotis
772 2275 814 2344 ad
832 2275 963 2345 hostem
980 2251 1162 2365 castris,in

37 2380 38 2391 ³
100 2383 155 2454 dies
181 2389 287 2482 magis
317 2412 356 2455 ac
372 2386 487 2480 magis
512 2331 674 2463 distabat,
704 2406 806 2450 nunc
817 2384 923 2477 aciem
949 2383 1163 2478 explicando,

99 2517 174 2578 punc
195 2495 309 2564 hostes
329 2493 371 2562 ad
391 2489 540 2588 praelium
562 2468 739 2575 irritando,
762 2515 853 2558 nunc
872 2490 1082 2559 Durac'liium
1102 2518 1162 2587 op·

36 2653 38 2678 ‚
99 2602 286 2696 pugnand03
306 2616 340 2671 et
357 2624 496 2695 perosus
526 2622 653 2684 moras,
684 2611 719 2665 et
741 2595 918 2665 celeritatis
938 2597 1164 2690 avidissimus,

36 2731 37 2764 1
98 2711 286 2802 cupiensque
307 2707 537 2793 vehementer,
559 2719 597 2772 ut
616 2704 805 2798 quicunqne
827 2702 958 2771 futurus
981 2718 1066 2772 esset
1085 2704 1163 2773 belli

36 2863 37 2904 ι
98 2816 205 2904 exitis,
224 2816 338 2884 statim
356 2828 451 2883 esset.
476 2813 599 2880 Omnia
617 2811 756 2897 frustra,
783 2833 861 2877 nam
889 2823 924 2878 et
953 2811 1163 2880 Durachium

36 2951 37 2972 ι
99 2920 361 3017 inexpugnabile,
383 2935 417 2988 et
436 2919 615 3012 Pompeius
638 2914 868 3003 immutabilis,
893 2930 931 2984 ut
950 2916 1010 3010 qni
1029 2933 1161 2987 contra·

36 3037 37 3080 ἓ
99 3029 137 3094 rio
154 3028 294 3098 consilio
321 3029 502 3112 niteretur,
530 3049 666 3118 sperans
679 3027 682 3032 ’
695 3021 852 3092 dilatione
882 3024 1075 3110 victoriam,
1103 3051 1163 3119 per

36 3131 38 3184 ἶ
99 3133 240 3228 inopiam.
252 3136 300 3203 rei
322 3133 564 3215 fmmentariae,
583 3157 655 3224 quae
669 3129 766 3199 valde
783 3132 1164 3225 Caesareumpremebat

99 3243 284 3329 exercitum,
300 3265 408 3333 neque
421 3239 545 3307 diutius
554 3236 689 3306 tolerari
700 3262 798 3331 posse
810 3235 999 3305 videbaturi:
1012 3239 1163 3333 insuper,

98 3361 123 3414 et
140 3350 229 3442 quod
252 3345 456 3416 simillimum
481 3346 552 3413 veri
572 3358 659 3431 erat,
672 3358 711 3410 ut
730 3346 837 3411 virtus
858 3344 1089 3438 animosissimi
1102 3346 1162 3415 du·

98 3455 150 3544 cis,
169 3455 268 3524 taedio
290 3469 390 3546 atque
410 3452 640 3546 expectatione
653 3464 856 3535 senesceret,
871 3452 1078 3544 impetusque
1095 3451 1163 3521 len·

97 3562 320 3630 tesceret:l1ac
334 3584 392 3654 spe
401 3583 548 3653 pugnam
561 3557 751 3643 recusabat,
760 3581 868 3650 neque
877 3558 1036 3625 Romanis
1052 3575 1163 3651 partes

97 3667 220 3736 credere
246 3666 389 3736 volebat.
415 3667 468 3736 Sic
496 3663 542 3732 illi
570 3665 755 3751 cunctatio,
785 3664 863 3731 huic
889 3661 1039 3732 celeritas
1068 3682 1163 3759 grata

97 3788 175 3858 erat5
196 3800 270 3868 qnae
287 3797 392 3867 quum
414 3771 476 3840 sibi
498 3772 713 3890 pertinaciter
727 3769 927 3888 negabatur,
947 3772 1061 3839 statuit
1079 3799 1162 3867 quos

97 3901 158 3947 non
180 3894 328 3975 poterat
326 3877 454 3973 pralio
479 3880 631 3965 vincere,
660 3875 832 3945 obsidione
859 3878 1009 3971 cingere3
1042 3882 1163 3953 mirum

36 4057 38 4070 ‚
98 3981 195 4055 dictu!
214 4010 264 4055 xv
286 3984 405 4054 millia
400 4009 564 4080 passuum
585 3982 706 4054 fossam
726 3981 949 4076 circumduxit
966 4006 1006 4050 ac
1024 3985 1163 4086 vallum

36 4143 38 4186 3
98 4090 327 4186 impositisque
335 4088 475 4162 castellis
498 4115 537 4160 ac
559 4090 724 4178 turribus,
739 4114 824 4159 cum
839 4090 1052 4186 paucioribus
1069 4096 1163 4173 obse
