3000 5025
297 505 459 605 corn.
487 499 851 572 Juucnnnrur
877 503 1042 572 Noun.
1128 487 1201 573 555

128 635 192 687 Mox
201 632 277 705 prius
287 633 375 703 καὶτῷ
388 628 521 704 Βιριάἀῧικι
533 635 597 692 dn„
609 631 674 686 dein
685 639 757 686 τοῦτο
769 634 839 705 γνοὺς
852 632 995 703 insertum
1008 634 1033 696 tt
1045 627 1152 687 κοιίάεκοι
1166 647 1205 686 est

127 713 195 766 ibid.
206 714 235 765 in
244 732 292 765 ms.
306 725 336 765 ut
349 714 418 772 forte
430 715 545 768 voluerit
559 732 612 765 una
622 732 687 767 voce
699 709 833 776 ίξκοιίάικοι
844 732 852 779 ;
862 711 927 766 ibid.
944 714 1020 784 prius
1034 709 1204 785 ςροτοπεδευ-

130 794 246 864 σάμενος.
264 793 316 845 Inf.
334 813 383 846 scr.
397 795 512 854 ἀπόντος.
527 792 643 859 Videtur
652 793 727 864 prius
736 793 853 849 scribere
861 793 976 846 voluisse
990 800 1033 846 τοῦ
1044 795 1142 864 ἀυτοκρ·
1155 795 1202 846 ἀπ.
1228 785 1230 792 ’

168 873 274 926 XVIII.
285 872 364 924 Prius
379 874 460 926 πολλοί
474 895 501 926 τε
518 875 581 943 ἀμοι.
593 874 658 925 Mox
672 872 769 926 dubius
786 873 837 925 fuit
849 885 939 925 utrum
954 875 1057 942 ἰσχυρῶς
1070 891 1103 925 an
1116 869 1203 934 ἀσινῶς

128 952 272 1017 scriberet,
286 953 396 1006 retinuit
409 966 496 1006 tamen
507 952 640 1008 ultimum.
652 953 704 1005 Hic
719 953 817 1006 iterum
831 955 956 1006 Οὐενίτων
974 953 1001 1004 in
1016 971 1063 1005 ms.
1079 953 1133 1005 Pro
1148 956 1203 1012 τοῖς

128 1033 205 1106 prius
220 1045 277 1108 erut
295 1040 345 1084 τῶν
366 1033 421 1099 ibi,
441 1035 457 1091 ἡ
482 1036 506 1088 ir
525 1036 581 1094 τοιῖς
603 1053 645 1104 πρ.
665 1031 727 1086 Ibid
748 1035 776 1085 in
790 1051 838 1086 ms.
853 1033 1050 1104 ἐπεμελήθησαν,
1063 1031 1136 1104 quod
1149 1033 1203 1084 nori

129 1113 202 1184 rejic.
220 1113 293 1164 Infra
307 1113 382 1184 prius
395 1113 476 1168 πολλὰ
487 1117 546 1182 ὁμοῦ
561 1108 595 1170 δὴ
607 1114 744 1176 συνίλεξον.
916 1109 919 1118 ’
1197 1109 1199 1114 ’

169 1191 246 1246 ΧΙΧ.
260 1185 381 1262 ἀσμένοις
397 1193 531 1247 edendum
544 1194 635 1247 curavi
652 1213 702 1266 pro
717 1213 750 1246 eo
765 1192 838 1266 quod
856 1193 884 1246 in
899 1212 946 1246 ms.
964 1193 1083 1264 ἀσμένιος.
1101 1192 1204 1244 Inserta

131 1293 193 1326 mox
204 1274 246 1327 καί
256 1269 307 1331 siin
323 1277 488 1330 ἀπειπόντων.
505 1277 569 1328 Mox
584 1274 728 1327 scriberem
744 1273 876 1344 ἀκεραίων,
892 1272 966 1344 quod
980 1291 1084 1344 semper
1099 1271 1127 1324 in
1141 1269 1204 1323 ulti·

130 1373 175 1406 mn
190 1366 279 1407 tamen
293 1367 402 1409 accentu
417 1369 526 1408 notatur
537 1356 565 1406 in
581 1374 630 1407 nn.
719 1349 723 1358 ¹

170 1435 232 1488 XX.
251 1435 287 1486 Ut
298 1448 354 1486 ante
366 1436 455 1488 dionem
467 1428 503 1487 ἀνι
515 1434 613 1488 omisit.
632 1435 696 1486 Post
710 1436 790 1506 ἑαυτῷ
807 1433 925 1504 primum
940 1443 1066 1504 posuerat
1079 1431 1204 1500 ίννοοιίριε·
1259 1489 1263 1498 Ι

129 1535 178 1574 νος.
186 1516 326 1585 inpono<
343 1535 404 1567 mox
417 1517 459 1568 vel
472 1512 618 1588 Πραικίνεος
633 1514 737 1588 potius,
749 1511 824 1585 quod
840 1512 867 1565 in
889 1533 937 1565 suo
952 1511 1048 1578 codice
1059 1523 1116 1562 erat
1133 1511 1204 1562 Pra-

131 1597 233 1646 conius:
245 1607 270 1645 et
280 1595 402 1658 Manlius,
415 1615 498 1668 quum
508 1596 617 1656 Μάλλιος
634 1595 679 1647 ait.
696 1594 766 1646 Dein
780 1592 895 1654 Τωλίσης
906 1605 962 1646 erat
975 1593 1004 1644 in
1020 1611 1068 1644 ms.
1086 1591 1170 1661 Supra
1186 1589 1204 1641 I.
1282 1617 1283 1624 ο

131 1676 227 1745 Ι,“σιιρ.
248 1693 283 1727 10
292 1692 299 1726 :
309 1687 348 1728 est
363 1683 518 1730 Τολοσστῶν.
530 1675 606 1746 Legit
621 1687 647 1727 et
662 1674 796 1735 Sontiates,
807 1691 873 1743 quos
889 1692 993 1744 semper
1005 1670 1142 1730 Σοντιοίτοις
1157 1687 1205 1720 vo·

130 1767 192 1820 cat3
205 1773 265 1826 quae
278 1755 388 1826 quidem
409 1757 437 1809 in
458 1755 540 1809 hodie
554 1756 667 1826 vulgatis
686 1753 846 1826 quibusdam
869 1752 955 1806 adbuc
975 1752 1106 1803 visuntur.
1127 1749 1205 1801 Prius

129 1847 221 1905 postea
234 1836 374 1906 scripserat
383 1849 486 1890 tantum
496 1835 538 1888 καὶ
548 1837 652 1906 ἱππικῷ.
665 1837 698 1886 In
709 1835 763 1887 fine
772 1845 832 1906 post
845 1835 945 1894 τούτους
955 1831 1043 1886 statim
1050 1843 1106 1884 erat
1115 1829 1144 1881 in
1156 1847 1204 1882 ms.

130 1913 257 1967 mendose
266 1918 361 1970 εὐυίων.

171 1995 250 2048 XXI.
263 1995 315 2048 Pro
327 1998 457 2068 ἀρώμενοι
477 1995 603 2067 cogitasse
617 1993 725 2048 videtur
741 1993 861 2063 primum
875 1992 1025 2062 νομίζοντες,
1039 2003 1065 2042 et
1077 2009 1128 2061 pro
1144 2008 1205 2058 ουχ-
1283 1991 1285 1995 ’

131 2075 199 2140 νοὺς,
219 2076 330 2137 πολλοὺς.
349 2077 495 2148 Scripserat
507 2077 586 2130 etiam
602 2077 679 2147 κριούς
694 2094 733 2127 τι.
754 2074 820 2138 Quae
836 2084 985 2143 sequuntur
1005 2069 1124 2122 indicant
1144 2088 1206 2120 eum

132 2167 262 2207 aestuasse.
272 2154 314 2208 Sic
327 2158 398 2208 enim
412 2157 487 2228 prius
499 2157 596 2209 iecerat
608 2150 715 2208 οὐτοίάὲ
724 2154 763 2205 ἀλ.
774 2175 802 2224 ρ..
814 2153 948 2223 ὑπονόμους
957 2152 1005 2203 ὑπὸ
1017 2149 1064 2211 τάς
1072 2170 1132 2222 μοχ.
1143 2143 1206 2200 dein

132 2253 225 2288 rursus
235 2234 329 2306 prius,
344 2237 430 2290 ἀλλοτι
446 2232 476 2289 di
490 2237 538 2289 υπὸ
556 2235 602 2296 τάς
615 2233 745 2307 μηχανάςς
758 2231 822 2286 ibid.
837 2233 979 2285 scriberem
994 2231 1123 2300 χαλκείων,
1142 2229 1207 2281 Mox

134 2315 162 2365 in
174 2333 224 2367 ms.
241 2315 292 2367 fuit
306 2321 369 2386 σρᾰς
386 2318 460 2370 αὐτὸν
476 2317 519 2378 εἰς.
533 2317 627 2368 Paullo
643 2329 704 2367 ante
714 2311 964 2380 ειπειιάιιάνιίοντες,
977 2323 1003 2362 et
1014 2330 1077 2364 mox
1090 2311 1205 2363 ἱκέτευον.

133 2395 201 2460 Qun
213 2414 229 2447 e
243 2397 351 2448 cumulo
364 2416 503 2462 errorum,
514 2416 581 2467 quos
594 2415 612 2447 o
647 2415 683 2447 τοι
695 2392 806 2459 dedere,
819 2404 1011 2444 remanserunt.

173 2474 263 2529 XXII.
271 2476 349 2529 Prius
363 2479 443 2548 τούτῳ
457 2483 493 2547 τῷ
504 2476 601 2547 πράγμ.
635 2472 793 2535 ἀκαντουίνος
803 2492 864 2526 mox
873 2473 1043 2525 Adrantuinus
1052 2469 1081 2522 in
1091 2487 1139 2521 suo
1147 2465 1206 2521 cod.

133 2555 256 2609 hahuisse
268 2555 383 2610 indicat:
398 2556 517 2628 quamvis
529 2575 593 2607 mox
604 2569 713 2608 accentu
724 2554 810 2607 variat
821 2546 1001 2611 Ᾰάκοιντοὺινος
1011 2550 1146 2613 scribens,
1159 2547 1205 2599 ubi

133 2647 161 2687 et
172 2636 247 2706 prius
257 2636 354 2689 fecerat
366 2639 497 2707 γενομένης
512 2655 563 2706 pro
577 2636 729 2705 ἐπαρθείσης.
1194 2636 1196 2641 ’

174 2716 279 2768 XXIII.
298 2718 414 2768 Βοκοιτῶν
433 2717 474 2769 κοιί
495 2716 682 2786 Ταρρουσοιτῶν.
700 2715 753 2777 ait,
772 2710 845 2783 quod
867 2712 895 2761 V
892 2722 985 2762 oratum
1005 2720 1030 2759 et
1051 2710 1208 2761 Tarrrnatum

132 2794 216 2849 crudo
230 2796 334 2867 legebat
348 2798 376 2850 in
387 2816 435 2848 suo
450 2791 534 2847 libro(
547 2793 599 2846 Sed
611 2794 681 2846 infra
696 2813 719 2847 c.
732 2796 767 2847 28
776 2830 783 2857 ,
793 2793 871 2859 habet
880 2792 1055 2861 Τοιρουσοιτεῖς·
1069 2786 1206 2858 ουνώμνυάν

132 2897 162 2929 τε
178 2877 235 2938 καί,
251 2888 392 2948 postremus
404 2875 464 2929 duae
478 2875 580 2927 voculte
589 2874 708 2938 inserta,
722 2886 748 2925 et
762 2872 927 2941 πλησιώτορον
938 2868 1044 2922 videtur
1057 2868 1132 2939 prius
1149 2879 1209 2919 unte

134 2963 179 3017 τῆς
192 2948 214 3009 d
225 2977 248 3009 κ.
264 2975 363 3029 ponere
377 2957 512 3027 cogitasse.
523 2956 588 3007 Mox
601 2972 651 3024 pro
664 2954 801 3012 ἀπέκλυον,
813 2951 859 3003 ubi
873 2968 976 3022 semper
983 2961 1100 3002 erratum
1111 2944 1208 3011 credo',

135 3038 262 3089 ἀπίκλιιον
274 3036 417 3089 scriberem
439 3036 506 3097 Fine
517 3036 657 3106 scripserat
671 3033 746 3104 prius
760 3051 842 3085 τοιυτοι
860 3032 903 3101 μὲν
921 3035 952 3099 τῇ
969 3032 1067 3099 ςρκτιᾷ.

174 3115 279 3169 XXIV.
289 3117 344 3169 Ρτο
357 3116 513 3187 ταξάμενος,
526 3115 601 3187 prius
614 3114 788 3183 ποιησάμενος.
806 3111 871 3163 Mox
884 3110 930 3170 τὰς
948 3109 991 3180 μὲν
1007 3106 1095 3171 ὁδοὺς,
1107 3106 1151 3177 μὲν
1168 3105 1210 3157 in·

134 3209 245 3249 sertum.
261 3198 296 3249 Et
311 3197 355 3249 hic
371 3197 509 3249 ἀποκλείειν
521 3215 572 3267 pro
586 3196 713 3247 ἀποκλὺειν
728 3192 851 3245 scribam.
862 3191 927 3242 Mox
946 3188 1021 3261 prius
1038 3190 1113 3255 ἀποχ.
1129 3187 1209 3246 ἀντοῖς

132 3278 152 3330 ἀ
168 3298 193 3329 τ.
206 3273 252 3328 b&
267 3276 319 3341 τά,
332 3290 382 3329 etc.

175 3358 265 3409 XXV.
275 3357 353 3409 Prius
366 3359 471 3409 ἐνταῦθα
485 3350 512 3407 δ’
522 3356 558 3419 οἱ.Δ
947 3397 950 3404 .

114 3426 117 3432 ’
176 3438 281 3489 XXVI.
291 3438 352 3489 Lin.
364 3456 389 3490 1.
406 3437 450 3508 μὲν
467 3436 605 3487 insertum.
619 3434 688 3487 Dein
700 3432 775 3506 prius
787 3432 847 3502 πρὸς
860 3437 891 3501 τῇ
904 3430 974 3501 μοίχῃ
986 3428 1171 3498 προσεχοιίντων
1186 3446 1210 3477 τ.

136 3541 159 3571 ν.
175 3516 241 3570 Μοιι
256 3517 311 3588 πρὶν
322 3518 339 3575 ἢ
349 3516 456 3587 scripsi,
467 3515 588 3586 quamvis
601 3515 629 3565 in
644 3535 694 3567 ms.
710 3514 779 3565 male
793 3524 860 3565 esset
874 3514 929 3581 πέρι
943 3511 968 3566 ἢ.
982 3506 1052 3560 Ibid.
1066 3506 1154 3579 prius,
1169 3504 1211 3557 καί

138 3600 165 3651 ri
179 3599 260 3661 ποῖοι,
272 3616 307 3649 an
319 3600 386 3649 ποῖον
403 3596 519 3649 scribere
530 3593 654 3646 voluerit.

178 3678 295 3729 XXVII.
310 3684 364 3729 Τῶν
379 3676 510 3728 insertum
525 3687 586 3727 ante
603 3666 763 3737 Ᾰκυῖτοινῶν,
779 3668 912 3742 ΤάρΕελλοι
935 3669 1032 3738 absque
1051 3677 1161 3718 accentu
1175 3677 1214 3717 est

137 3758 167 3811 in
182 3775 231 3809 ms.
243 3758 384 3828 ἰλιγερρόνες
400 3756 545 3824 Bigerrones
553 3753 631 3824 degit.
643 3748 779 3823 Γσροῦμνοι
792 3750 855 3804 dein
867 3750 1010 3803 scriberem
1021 3746 1119 3817 potius.
1131 3743 1213 3798 Σιὸου-

139 3836 360 3897 σοιτεῑς·5ἰίυοατεο
374 3836 501 3912 agnoscit.
1160 3835 1162 3839 '
1178 3846 1179 3849 ’

178 3917 310 3987 XII-VIII.
325 3917 409 3981 Prius,
419 3918 505 3987 μόνους
519 3914 574 3966 οὔτε
589 3913 632 3984 μὶν
645 3932 715 3965 πονοι.
734 3910 850 3963 Inferius
867 3912 887 3963 οἱ
908 3910 952 3981 μὲν
970 3908 1095 3977 πολέμιοι,
1110 3904 1154 3975 μὲν
1171 3902 1214 3955 in·

137 4008 247 4050 sertum.

156 4093 159 4096 “
180 4077 283 4129 XXIX.
297 4076 374 4129 Prius
390 4077 503 4141 ἀοπλοις,
514 4086 543 4143 et
557 4071 621 4125 dein
639 4070 681 4125 καὶ
695 4066 746 4142 ἤδη
763 4076 811 4122 τῶν
828 4071 899 4135 βοοκ.
917 4082 944 4122 et
959 4069 993 4129 είς
1011 4065 1057 4127 τὰς
1072 4060 1211 4133 ἀοσυτίροιν

138 4156 205 4211 ὅλην.
