3000 5025
332 479 405 572 452
471 549 476 558 .
549 519 554 568 j
626 485 666 553 C.
694 485 838 554 JULH
867 485 1110 554 CAESARIS

331 613 405 692 ύέλη
435 617 578 708 ἀφίεσαν,
593 617 663 684 ούτε
697 619 815 713 σχολὴν
845 620 929 705 αὐτῷ
959 629 1016 687 τοῦ
1047 619 1245 711 ἀναχωρῆσαι
1271 609 1385 685 ἕθωκοιν.

329 724 532 817 Διεπεραιώθη
549 727 602 816 μὲν
622 724 790 798 ἐνταῦθαἰί
806 733 862 790 τοῦ
882 725 1080 816 Πουλφίωνος
1099 723 1190 802 ἀσπὶς
1212 728 1267 816 μιᾷ
1288 718 1386 802 ξυστοῦ

330 832 419 926 βολῇ·
435 830 486 898 καὶ
500 829 633 898 ἐντεῦθεν
649 829 686 896 τὸ
703 825 793 908 ύέλος
808 832 898 919 ἐντῷ
913 842 970 901 τοῦ
987 825 1089 923 ξίφους
1102 838 1259 923 τελαμῶνι
1271 831 1385 926 παγεὲν,

327 938 382 1004 τὸν
408 939 530 1005 κουλεὸν
554 933 690 1031 ἔκαμψε,
705 936 757 1004 καὶ
775 939 831 1010 την
851 941 964 1020 αὐτοῦ,
978 940 1016 1006 τὸ
1036 931 1119 1030 ξίφος
1140 937 1315 1004 σπείσασθαι
1328 942 1387 1004 ἐπι·
1468 944 1469 975 ³

325 1053 517 1136 χειρούντος,
530 1045 662 1134 κατέσχε
678 1034 792 1122 θεξιοίν.
808 1042 872 1110 Καὶ
886 1044 961 1112 τύτε
979 1046 1033 1111 τὸν
1047 1042 1235 1133 Πουλφίωνα
1248 1045 1386 1136 ἀοχολού-
1468 1088 1469 1093 1

325 1176 414 1241 μενον
436 1151 464 1217 οἱ
482 1151 624 1243 πολέμιοι
645 1137 846 1244 περιέςησαν·
867 1151 897 1216 ἐν
922 1153 1026 1236 τούτῳ
1050 1140 1079 1215 θἸ
1093 1153 1291 1243 ἐπικούρησιν
1312 1155 1385 1237 αὐτῷ
1468 1144 1469 1198 ³

323 1266 468 1324 πονοῦντι
485 1263 502 1324 ὁ
517 1257 729 1351 ἀνταγωνιςὴς
743 1259 894 1350 Βαρῆνος,
911 1255 963 1324 καὶ
984 1259 1019 1324 ἐκ
1038 1263 1100 1324 τῶν
1123 1256 1277 1350 πολεμίων
1303 1258 1385 1324 αὐτὸν
1468 1296 1469 1313 2

322 1364 482 1456 ἐρρύσατο.
500 1364 596 1429 Αὐτοὶ
624 1353 659 1430 θὲ
682 1363 758 1431 τύτε
779 1361 893 1440 ποίντος
915 1364 979 1431 ἀπὸ
1001 1372 1059 1430 τού
1087 1363 1305 1454 Πουλφίωνος,
1324 1355 1385 1431 θια-
1468 1442 1469 1447 1

320 1479 455 1562 καρῆναι
483 1470 577 1538 αὐτὸν
604 1481 650 1557 τῷ
678 1463 761 1536 ύελει
786 1460 970 1554 δοκοῦντες,
986 1467 1035 1536 ἐπὶ
1062 1471 1116 1537 τὸν
1144 1473 1281 1564 Βαρῆνον
1303 1471 1384 1564 ἐτρά-
1468 1518 1469 1543 ;

319 1601 433 1649 πησαν.
448 1561 571 1654 Ἐκεῖνος
591 1566 626 1641 θὲ
643 1585 682 1669 τῇ
698 1574 836 1669 μαχαίρᾳ
851 1578 886 1643 ἐκ
898 1577 997 1669 χειρὸς
1012 1574 1069 1644 τὴν
1088 1575 1191 1668 μοίχην
1207 1580 1383 1660 ἐποιήσατο,
1468 1564 1469 1595 ³

319 1682 370 1748 καὶ
391 1685 443 1750 ἕνα
466 1692 526 1750 τῶν
551 1681 704 1775 πολεμίων
726 1674 929 1766 ἀποκτείνας,
952 1683 1025 1760 τοὺς
1040 1684 1172 1760 ’λοιποὺς
1194 1682 1297 1779 ὀλίγον
1320 1685 1383 1752 ἀνί·

308 1795 426 1866 ’ςειλεκ
442 1773 484 1853 Εν
499 1786 524 1876 ᾧ
543 1780 578 1856 θὲ
593 1785 674 1881 μετὰ
696 1782 829 1882 μείζονος
844 1787 1025 1879 φιλονεικίας
1044 1788 1223 1871 ἐπετίθετο,
1238 1788 1279 1869 εἰς
1297 1791 1382 1858 τύπον

315 1895 626 1987 καταπρανῆςώσθεὶς
637 1945 647 1974 ,
660 1896 822 1964 κατέπεσε.
837 1897 948 1982 Τούτῳ
970 1887 1006 1962 θὲ
1024 1895 1117 1964 πάλιν
1137 1897 1198 1964 ὑπὸ
1219 1905 1282 1965 τῶν
1304 1904 1383 1964 πολε·

315 1999 392 2094 μίων
413 1999 562 2068 πάντοθεν
584 2000 729 2096 εἰργμένῳ
751 1995 915 2076 ε’ύούθησεν
929 2009 946 2070 ὁ
961 2000 1136 2092 Πουλφίων·
1150 2000 1203 2069 καὶ
1222 2003 1381 2098 ἀμφύτερα

314 2115 388 2174 σῶοι
406 2108 539 2185 πολλοὺς
559 2114 620 2174 τῶν
640 2106 793 2198 πολεμίων
808 2107 1062 2190 ἀποκτείναντες,
1081 2107 1125 2186 εἰς
1141 2109 1178 2176 τὸ
1193 2102 1379 2201 ςρατύπεθον

313 2213 373 2280 ὑπὸ
400 2213 525 2279 πάντων
545 2215 755 2304 ἐπαινούμενοι
785 2213 991 2307 ἀνεχώρησαν.
1010 2216 1149 2288 Τοιαύτη
1178 2205 1209 2280 θ’
1234 2216 1265 2282 ἔν
1288 2242 1322 2283 τε
1345 2243 1378 2290 τη

310 2319 417 2412 μοίχῃ,
432 2320 483 2386 καὶ
499 2327 545 2406 τῷ
564 2319 658 2413 ἀγῶνι
677 2321 815 2414 ἐγένετο,
829 2322 886 2396 ὦς’
905 2319 1074 2388 ἀντίπαλον
1093 2321 1258 2407 ἀντιπάλῳ
1275 2317 1378 2396 ύοηθῆ·

304 2448 383 2519 σαι,
397 2424 449 2492 καὶ
467 2427 503 2492 ἐκ
526 2433 589 2492 τῶν
615 2424 769 2519 πολεμίων
792 2433 900 2493 σῶσαι·
916 2427 988 2494 ούτε
1012 2417 1175 2519 διακρίνειν
1197 2423 1261 2495 οἷόν
1284 2431 1314 2495 τ’
1327 2430 1377 2524 ἐγί-

310 2558 400 2618 νετο,
418 2532 547 2707 πύτεχος
563 2534 663 2601 αὐτῶν
681 2533 890 2626 ἀλκιμώτερος
905 2534 962 2607 εἴη.

363 2640 471 2711 XLV.
518 2665 561 2727 σῳ
583 2630 618 2705 θὲ
637 2638 704 2707 καθ’
722 2638 837 2717 ἑκάςην
862 2634 1018 2734 ύαρυτέρα
1040 2666 1076 2708 τι
1103 2641 1155 2709 καὶ
1181 2644 1376 2734 χαλεπωτέρα

309 2754 375 2825 τοῖς
386 2731 539 2838 Ρωμαίοις
561 2743 677 2841 ἐγένετο
690 2750 710 2818 ἡ
725 2743 902 2840 πολιορκία,
916 2741 1060 2838 (συχνῶν
1080 2745 1207 2843 μὲνγὰρ
1230 2757 1293 2817 τῶν
1311 2770 1375 2842 ςρα-

307 2861 429 2919 τιωτῶν
451 2852 641 2947 τρωθέντων,
655 2854 693 2919 τὸ
708 2856 839 2947 πρᾶγρια
852 2843 913 2927 ἤθη
929 2852 970 2931 εἰς
983 2852 1228 2947 ὀλιγανθρωπίαν
1244 2851 1373 2939 κατέςη)

307 2961 450 3044 τοσούτῳ
468 2959 645 3052 συχνύτεροι
669 2954 814 3054 ἄγγελοι,
828 2958 880 3027 καὶ
900 2958 1043 3037 ἐπιςολαὶ
1063 2962 1138 3053 πρὸς
1162 2961 1218 3027 τὸν
1237 2961 1375 3055 Καίσαρα

306 3067 366 3133 ὑπὸ
393 3075 451 3133 τού
476 3066 647 3157 Κικέρωνος
671 3068 857 3157 ἐπέμποντο·
874 3064 924 3143 οθς
950 3067 980 3134 οἱ
998 3068 1140 3159 πολέμιοι
1155 3061 1323 3152 λαθόντες,
1340 3067 1374 3145 εἰς
1468 3073 1469 3076 ’

307 3169 376 3262 ύψιν
394 3180 456 3264 τῶν
474 3157 625 3265 Ῥωμαίων
641 3162 818 3265 διέφθειρον.
834 3151 882 3265 Hy
900 3166 940 3239 δέ
955 3197 1003 3251 τις
1021 3175 1051 3239 ἐν
1069 3181 1117 3261 τῷ
1135 3184 1193 3240 τοῦ
1210 3176 1374 3266 Κικέρωνος

241 3275 245 3280 ’
306 3269 494 3371 ςροιτοπέθιρ
519 3280 663 3369 Νερούϊος
695 3281 815 3373 εὐγενὴς
848 3279 943 3373 ἀνὴρ,
970 3277 1123 3372 Βερτίκων
1149 3281 1265 3373 ὄνομα,
1290 3280 1322 3359 ὃς
1345 3274 1373 3358 ἐξ

305 3385 401 3478 ἀρχῆς
422 3395 479 3463 τῆς
504 3382 681 3478 πολιορκίας
708 3387 782 3477 πρὸς
810 3387 864 3452 τὸν
890 3386 1050 3478 Κικέρωνα
1076 3389 1306 3479 ηὐτομολήκει,
1327 3386 1372 3453 καὶ

302 3493 394 3569 πιςὸς
408 3494 494 3579 αὐτῷ
514 3492 685 3585 ἐγεγένητο·
708 3489 797 3569 οὗτος
824 3491 877 3583 μὲν
901 3484 941 3566 δὴ
967 3503 1013 3582 τῷ
1037 3494 1189 3585 Κικέρωνι
1214 3492 1372 3585 ελευθερίοιν

205 3678 207 3685 Ι
302 3623 338 3665 τε
353 3596 403 3665 καὶ
418 3593 498 3665 ἄλλα
512 3595 614 3666 πολλὰ
637 3590 962 3693 ύποσχομένφθῶρόι,
975 3597 1126 3688 ύφίςαται
1148 3591 1207 3677 τάς
1234 3596 1371 3679 ἐπιςολάς
1468 3665 1469 3668 ,

273 3743 277 3751 ·
302 3706 377 3797 πρὸς
395 3704 449 3771 τὸν
464 3703 609 3797 Καίσαρα
629 3694 764 3777 Ιθιοίσειν·
781 3704 833 3771 καὶ
850 3708 968 3782 ταύτας
989 3698 1073 3794 ξυςῷ
1095 3698 1210 3789 θύσας,
1229 3700 1369 3800 ἐξήνεγκε·
1468 3715 1469 3724 ’

301 3813 326 3875 Γ
329 3810 420 3889 ἀλλος
442 3812 472 3877 τ’
492 3810 585 3888 αὐτὸς
604 3812 633 3876 ἐν
656 3808 787 3887 Γοίλλοις
808 3811 993 3889 ἀνυπόπτως
1019 3812 1282 3904 ἀνοιςρεφύμενος,
1301 3813 1369 3905 πρὸς
1393 3881 1396 3887 ,

299 3917 354 3985 τὸν
378 3914 524 4012 Καίσαρα
551 3919 744 4011 παρεγένετο·
761 3919 813 3985 καὶ
830 3920 887 3992 τὴν
908 3920 1054 3995 έπιςολῆν
1076 3918 1179 4005 ἐκείνῳ
1198 3910 1287 4003 θοθς,
1301 3911 1367 4003 ι’νῷ

298 4024 391 4103 αὐτὸς
415 4030 431 4107 ὁ
453 4025 608 4116 Κικέρων,
625 4023 677 4093 καὶ
698 4026 735 4093 τὸ
751 4027 804 4091 σὺν
826 4028 913 4112 αὐτῷ
930 4023 1038 4118 τοίγμα
1052 4026 1096 4099 εἴη
1114 4018 1262 4112 κινδύνῳ,
1277 4026 1366 4117 ἀπέγ-

295 4136 386 4226 γιιλε.
