3000 5025
259 494 327 579 ’84
487 484 516 552 J.
545 474 701 551 CELSI
729 458 1124 541 COMMENTARII

256 625 381 719 -afmnis
406 610 455 689 est
472 614 593 685 lautem
620 633 688 679 nno
711 618 863 688 tantum,
884 596 1037 666 ut'aiunt
1048 606 1064 679 ,'
1080 588 1176 678 ldco,
1193 587 1353 684 pedibus,

277 757 355 805 cum
369 722 583 809 difficultate,
597 710 766 785 vadabilis.
777 712 832 777 =Eo
848 728 952 800 quum
969 696 1198 770 Casmellanus
1214 717 1354 791 magnas·

277 834 391 933 copias
405 829 640 911 contraxisset,
659 815 851 914 supervenit
864 811 907 879 ad
919 809 1030 878 locum
1049 807 1177 890 Caesar,
1191 802 1356 872 hostibus·

277 969 343 1040 que
365 936 550 1032 conspectis
571 934 606 1000 in
625 928 765 998 adversa
782 922 872 1015 ripa,
890 916 1062 1013 praemisso
1080 911 1246 1004 equitatu,
1263 905 1357 977 et'le·

279 1048 432 1147 gionibus
447 1043 540 1137 sequi
551 1038 667 1133 jussis,
681 1034 738 1099 vix
752 1024 900 1097 credibili
915 1022 1047 1091 fervore
1061 1016 1357 1102 amnemtransiit;

253 1154 255 1159 ’
279 1181 383 1253 quum
404 1177 444 1221 ex
467 1149 560 1241 aquis
577 1168 646 1212 non
667 1139 730 1207 uisi
751 1134 861 1229 capita
882 1129 1033 1225 peditum
1050 1136 1221 1210 extarent,
1239 1136 1278 1189 ut
1299 1122 1357 1213 qui

280 1266 373 1359 aquis
388 1250 587 1339 madebant,
609 1240 769 1341 sanguine
790 1242 897 1309 siccos
914 1232 1180 1318 madefacerent,
1201 1242 1300 1321 atque
1321 1228 1359 1295 in

280 1372 394 1464 fugam
409 1358 647 1454 uerterent-Et
660 1368 699 1422 ut
713 1347 819 1419 multa
836 1345 951 1439 paucis
965 1334 1159 1435 expediam,
1177 1336 1267 1403 circa
1276 1334 1359 1403 baec

281 1474 372 1560 loca,
381 1472 531 1569 ¹'plurima
548 1488 609 1560 per
625 1460 659 1529 id
673 1474 821 1551 tempus,
835 1451 935 1519 variis
953 1445 1086 1542 quidem
1104 1442 1251 1528 casibus,
1264 1454 1360 1535 gesta

281 1588 359 1654 sunt
380 1576 512 1674 praelia,
531 1596 600 1641 uno
618 1580 748 1637 tantum
765 1582 897 1653 semper
917 1567 1058 1624 eventu:
1074 1551 1197 1643 ubique
1211 1548 1360 1615 Romani

281 1684 442 1769 victores,
459 1680 536 1751 licet
550 1702 618 1746 non
640 1675 709 1743 sine
724 1660 879 1765 periculis
896 1661 1009 1731 multis
1024 1684 1063 1728 ac
1079 1656 1253 1753 gravibus,
1266 1652 1362 1747 quod

282 1821 319 1867 se
338 1783 631 1883 hostes'silrarum
653 1775 807 1875 praesidio
830 1783 1025 1855 tuerentur,
1042 1780 1076 1835 et
1100 1776 1233 1857 arrepta
1260 1784 1360 1829 occa·

282 1906 373 1973 sione
389 1912 414 1967 ‘e
435 1888 575 1981 latebris
584 1900 817 1983 erumpentes,
835 1905 921 1976 saepe
936 1896 1090 1947 romanas
1108 1869 1305 1938 invaderent
1318 1856 1363 1936 le-

266 2000 414 2105 giones,
436 2026 535 2096 seque
551 1996 694 2081 illaesos,
718 1991 808 2060 unde
829 1999 1008 2072 venerant,
1031 2002 1201 2049 annorum
1226 1974 1363 2043 levitate

282 2119 477 2210 reciperent.
501 2101 729 2176 Casmellanus
750 2099 838 2192 ipse,
857 2090 1035 2161 britannici
1051 2085 1128 2156 belli
1151 2084 1237 2172 dux,
1253 2082 1363 2175 aperti

236 2227 239 2234 ’
283 2222 386 2318 praelii
407 2242 464 2313 spe
481 2204 619 2297 amissa,
638 2230 771 2276 omnem
791 2205 825 2269 in
844 2200 933 2268 silvis
951 2212 1051 2289 atque
1067 2192 1191 2261 insidiis
1206 2212 1300 2284 spem
1317 2186 1364 2257 lo

284 2342 392 2413 carat,
402 2340 436 2392 et
446 2320 586 2390 dimissis
600 2311 766 2408 equitibus
777 2322 878 2400 atque
886 2302 1071 2399 peditibus,
1085 2297 1162 2368 solis
1175 2294 1365 2382 essedariis,

282 2450 502 2522 utrorumque
523 2416 636 2493 officia
657 2409 910 2515 praestantibus,
924 2408 1090 2478 utebatur.
1113 2406 1296 2495 Nunquam
1318 2414 1366 2468 ta-

284 2568 362 2611 men
380 2536 434 2606 ille
450 2530 659 2629 patentibus,
680 2523 738 2594 sed
752 2518 917 2616 perplexis
935 2540 975 2584 ac
990 2510 1180 2582 difficilibus
1191 2533 1265 2580 sese
1281 2506 1365 2578 locis

285 2647 420 2719 eredere
435 2663 554 2725 ausus,
575 2661 616 2704 ex
634 2631 747 2700 abdito
765 2631 998 2696 Romanorum
1012 2633 1107 2688 actus
1129 2631 1228 2711 atque
1244 2616 1367 2684 itinera

286 2749 503 2833 observabat,
522 2765 625 2838 quum
636 2740 679 2814 tn·
690 2738 796 2805 aciem
818 2731 892 2800 elici
905 2727 999 2797 nullo
1016 2739 1129 2821 posset
1146 2723 1298 2818 ingenio,
1311 2721 1368 2791 ad·

283 2862 480 2956 juvaretque
499 2874 575 2920 eum
594 2861 715 2915 natura
735 2845 808 2936 ipsa
824 2836 978 2905 locorum
999 2853 1236 2925 usquequaque
1251 2827 1367 2898 silves·

229 3020 230 3033 ,
287 2969 397 3038 trium.
417 2965 490 3030 Hac
505 2951 703 3026 Casmellani
718 2944 904 3016 diffidentia
920 2940 1044 3010 mutari
1058 2951 1163 3006 status
1176 2937 1368 3004 animorum

288 3083 452 3168 coeperat,
472 3061 688 3158 cogitantium
707 3050 832 3146 aliquid
849 3071 1011 3142 magnum
1029 3067 1120 3132 esse,
1136 3041 1227 3137 quod
1248 3064 1370 3110 eorum

289 3171 486 3252 fortissimus
509 3172 555 3239 sic
573 3169 713 3236 timeret.
732 3163 850 3250 Itaque
870 3156 1111 3238 Trinovantes,
1127 3172 1272 3243 quorum
1285 3147 1370 3216 urbs

255 3369 258 3374 .
290 3289 391 3357 totius
412 3277 544 3364 insulae,
566 3297 604 3340 ea
625 3271 725 3338 etiam
741 3275 959 3357 tempestate,
976 3257 1163 3330 fimaissima
1183 3253 1370 3341 ferebatur,

291 3419 361 3464 sese
383 3387 506 3459 Caesari
528 3374 711 3476 spontanea
732 3370 899 3441 deditione
920 3367 1178 3436 commiserant:
1197 3362 1234 3430 hi
1254 3383 1372 3455 regern

281 3499 496 3580 habuerant,
507 3511 607 3583 quem
620 3477 848 3551 Casmellanus
864 3472 1051 3543 occiderat:
1065 3470 1154 3541 hanc
1166 3466 1372 3537 deditionem

294 3601 480 3699 acceptavit
508 3597 620 3665 Caesar
648 3587 818 3671 alacriter,
832 3579 1006 3650 obsidibus
1035 3577 1205 3672 imperatis
1231 3599 1271 3642 ac
1284 3573 1372 3642 iru-

294 3725 428 3796 mento,
449 3728 522 3798 quae
542 3698 589 3767 illi
610 3695 675 3764 late
700 3689 742 3768 et*
754 3689 905 3760 celeriter
928 3683 1158 3779 complevere,
1171 3679 1259 3749 nibil
1279 3678 1374 3750 aliud

295 3831 445 3917 petentes
466 3829 565 3904 quam
583 3818 622 3872 ut
640 3801 740 3870 occisi
762 3799 849 3890 regis
865 3793 974 3863 filium·
987 3789 1030 3859 ab
1049 3789 1208 3860 occisoris
1228 3785 1372 3856 crudeli·

295 3941 363 3996 tate
384 3926 582 4018 protegeret.
606 3911 684 3996 Qua
704 3907 739 3974 in
760 3905 932 3973 reCaesar
953 3898 1109 3994 precibus
1126 3906 1205 3964 'non
1231 3893 1373 3988 egebat,

297 4056 400 4128 quum
422 4021 612 4094 adolescens
634 4014 688 4082 ille
703 4013 773 4107 jam
797 4009 874 4078 iude
896 4007 957 4076 sibi
978 4005 1021 4073 ab
1041 4003 1134 4085 initio
1160 4025 1258 4072 carus
1278 4013 1374 4088 erat3

297 4160 418 4230 nempe
436 4130 509 4226 qui,
524 4141 562 4199 ut
578 4145 697 4194 manus
711 4121 763 4190 sui
779 4117 886 4188 bostis
899 4112 1072 4200 eraderet,
1086 4109 1130 4178 ad
1146 4133 1245 4196 eum„
1261 4107 1374 4176 adhuc
