<?xml version="1.0" encoding="UTF-8"?>
<!DOCTYPE html PUBLIC "-//W3C//DTD XHTML 1.0 Transitional//EN"
    "http://www.w3.org/TR/xhtml1/DTD/xhtml1-transitional.dtd">
<html xmlns="http://www.w3.org/1999/xhtml" xml:lang="en" lang="en">
 <head>
  <title>
</title>
<meta http-equiv="Content-Type" content="text/html;charset=utf-8" />
  <meta name='ocr-system' content='tesseract 3.04.00' />
  <meta name='ocr-capabilities' content='ocr_page ocr_carea ocr_par ocr_line ocrx_word'/>
</head>
<body>
  <div class='ocr_page' id='page_1' title='image "./caiusjuliuscsar00unkngoog_0579.png"; bbox 0 0 3000 5025; ppageno 0'>
   <div class='ocr_carea' id='block_1_1' title="bbox 332 452 1105 528">
    <p class='ocr_par' dir='ltr' id='par_1_1' title="bbox 332 452 1105 528">
     <span class='ocr_line' id='line_1_1' title="bbox 332 452 1105 528; baseline 0.003 -2"><span class='ocrx_word' id='word_1_1' title='bbox 332 452 405 528; x_wconf 82' lang='lat'>538</span> <span class='ocrx_word' id='word_1_2' title='bbox 629 462 666 528; x_wconf 90' lang='lat' dir='ltr'>C.</span> <span class='ocrx_word' id='word_1_3' title='bbox 695 460 837 527; x_wconf 82' lang='lat' dir='ltr'><strong>JULII</strong></span> <span class='ocrx_word' id='word_1_4' title='bbox 866 461 1105 528; x_wconf 83' lang='lat' dir='ltr'>CAESARIS</span> 
     </span>
    </p>
   </div>
   <div class='ocr_carea' id='block_1_2' title="bbox 324 587 1466 4198">
    <p class='ocr_par' dir='ltr' id='par_1_2' title="bbox 324 587 1462 2070">
     <span class='ocr_line' id='line_1_2' title="bbox 328 587 1378 690; baseline 0.001 -33"><span class='ocrx_word' id='word_1_5' title='bbox 328 601 390 657; x_wconf 82' lang='grc' dir='ltr'>τῶν</span> <span class='ocrx_word' id='word_1_6' title='bbox 409 591 511 690; x_wconf 85' lang='grc' dir='ltr'>πάσης</span> <span class='ocrx_word' id='word_1_7' title='bbox 529 600 584 668; x_wconf 78' lang='grc' dir='ltr'>τῆς</span> <span class='ocrx_word' id='word_1_8' title='bbox 604 591 761 670; x_wconf 84' lang='grc' dir='ltr'>Γαλατίας</span> <span class='ocrx_word' id='word_1_9' title='bbox 774 591 935 685; x_wconf 78' lang='grc' dir='ltr'>,κρατίςων</span> <span class='ocrx_word' id='word_1_10' title='bbox 954 595 984 658; x_wconf 81' lang='grc' dir='ltr'>ἐν</span> <span class='ocrx_word' id='word_1_11' title='bbox 1006 601 1051 680; x_wconf 84' lang='grc' dir='ltr'>τῷ</span> <span class='ocrx_word' id='word_1_12' title='bbox 1067 595 1191 685; x_wconf 85' lang='grc' dir='ltr'>πολέμῳ</span> <span class='ocrx_word' id='word_1_13' title='bbox 1203 587 1378 685; x_wconf 71' lang='grc' dir='ltr'><strong>νομιζομένων</strong></span> 
     </span>
     <span class='ocr_line' id='line_1_3' title="bbox 329 691 1460 790; baseline -0.001 -25"><span class='ocrx_word' id='word_1_14' title='bbox 329 698 447 765; x_wconf 83' lang='grc' dir='ltr'>πόλεων</span> <span class='ocrx_word' id='word_1_15' title='bbox 476 692 693 790; x_wconf 74' lang='grc' dir='ltr'>ἐκλεξάμενοι,</span> <span class='ocrx_word' id='word_1_16' title='bbox 712 698 764 781; x_wconf 87' lang='grc' dir='ltr'>τί,</span> <span class='ocrx_word' id='word_1_17' title='bbox 789 709 855 776; x_wconf 86' lang='grc' dir='ltr'>πῶς</span> <span class='ocrx_word' id='word_1_18' title='bbox 886 725 921 766; x_wconf 88' lang='grc' dir='ltr'>τε</span> <span class='ocrx_word' id='word_1_19' title='bbox 953 691 1018 767; x_wconf 80' lang='grc' dir='ltr'>δέοι</span> <span class='ocrx_word' id='word_1_20' title='bbox 1049 707 1161 782; x_wconf 87' lang='grc' dir='ltr'>ποιεῖν,</span> <span class='ocrx_word' id='word_1_21' title='bbox 1179 700 1245 766; x_wconf 83' lang='grc' dir='ltr'>καθ’</span> <span class='ocrx_word' id='word_1_22' title='bbox 1274 700 1380 776; x_wconf 78' lang='grc' dir='ltr'>ἑαυτούς</span> <span class='ocrx_word' id='word_1_23' title='bbox 1459 733 1460 758; x_wconf 73' lang='grc' dir='ltr'>ι</span> 
     </span>
     <span class='ocr_line' id='line_1_4' title="bbox 329 791 1381 898; baseline 0.002 -29"><span class='ocrx_word' id='word_1_24' title='bbox 329 798 537 872; x_wconf 71' lang='grc' dir='ltr'>ε’ύουλεύοντο·</span> <span class='ocrx_word' id='word_1_25' title='bbox 548 805 600 872; x_wconf 89' lang='grc' dir='ltr'>καὶ</span> <span class='ocrx_word' id='word_1_26' title='bbox 609 806 663 872; x_wconf 87' lang='grc' dir='ltr'>τὸν</span> <span class='ocrx_word' id='word_1_27' title='bbox 678 805 732 895; x_wconf 77' lang='grc' dir='ltr'>μὲν</span> <span class='ocrx_word' id='word_1_28' title='bbox 747 805 854 896; x_wconf 89' lang='grc' dir='ltr'>χρύνον</span> <span class='ocrx_word' id='word_1_29' title='bbox 867 815 923 872; x_wconf 83' lang='grc' dir='ltr'>τοῦ</span> <span class='ocrx_word' id='word_1_30' title='bbox 936 799 1139 898; x_wconf 77' lang='grc' dir='ltr'>προσύάλλειν</span> <span class='ocrx_word' id='word_1_31' title='bbox 1159 813 1222 884; x_wconf 87' lang='grc' dir='ltr'>τοῖς</span> <span class='ocrx_word' id='word_1_32' title='bbox 1236 791 1381 897; x_wconf 68' lang='grc' dir='ltr'>Ρωμαίοις,</span> 
     </span>
     <span class='ocr_line' id='line_1_5' title="bbox 329 901 1461 1006; baseline 0.005 -30"><span class='ocrx_word' id='word_1_33' title='bbox 329 901 435 984; x_wconf 75' lang='grc' dir='ltr'>ἐπειδὴ</span> <span class='ocrx_word' id='word_1_34' title='bbox 452 910 571 1001; x_wconf 83' lang='grc' dir='ltr'>τάχιςα</span> <span class='ocrx_word' id='word_1_35' title='bbox 586 906 761 1004; x_wconf 78' lang='grc' dir='ltr'>μεσημύρίοε</span> <span class='ocrx_word' id='word_1_36' title='bbox 775 911 837 994; x_wconf 87' lang='grc' dir='ltr'>εἴη,</span> <span class='ocrx_word' id='word_1_37' title='bbox 851 917 972 1004; x_wconf 88' lang='grc' dir='ltr'>ὥρισαν·</span> <span class='ocrx_word' id='word_1_38' title='bbox 993 915 1094 1006; x_wconf 71' lang='grc' dir='ltr'>ταύτῃ</span> <span class='ocrx_word' id='word_1_39' title='bbox 1108 903 1143 978; x_wconf 85' lang='grc' dir='ltr'>δὲ</span> <span class='ocrx_word' id='word_1_40' title='bbox 1157 922 1196 1006; x_wconf 78' lang='grc' dir='ltr'>τῇ</span> <span class='ocrx_word' id='word_1_41' title='bbox 1211 916 1317 1005; x_wconf 82' lang='grc' dir='ltr'>ςρατιᾷ</span> <span class='ocrx_word' id='word_1_42' title='bbox 1328 914 1383 1002; x_wconf 86' lang='grc' dir='ltr'>Βερ-</span> <span class='ocrx_word' id='word_1_43' title='bbox 1460 971 1461 982; x_wconf 67' lang='grc'>,</span> 
     </span>
     <span class='ocr_line' id='line_1_6' title="bbox 329 1015 1382 1113; baseline 0.001 -31"><span class='ocrx_word' id='word_1_44' title='bbox 329 1015 527 1111; x_wconf 80' lang='grc' dir='ltr'>χασιλαυνον,</span> <span class='ocrx_word' id='word_1_45' title='bbox 547 1022 600 1084; x_wconf 82' lang='grc' dir='ltr'>ἕνα</span> <span class='ocrx_word' id='word_1_46' title='bbox 628 1025 691 1084; x_wconf 87' lang='grc' dir='ltr'>τῶν</span> <span class='ocrx_word' id='word_1_47' title='bbox 713 1017 869 1111; x_wconf 78' lang='grc' dir='ltr'>τεσσάρων</span> <span class='ocrx_word' id='word_1_48' title='bbox 899 1025 1079 1112; x_wconf 82' lang='grc' dir='ltr'>ςρατηχῶν,</span> <span class='ocrx_word' id='word_1_49' title='bbox 1108 1029 1234 1113; x_wconf 80' lang='grc' dir='ltr'>συγγενῆ</span> <span class='ocrx_word' id='word_1_50' title='bbox 1252 1028 1305 1085; x_wconf 85' lang='grc' dir='ltr'>τοῦ</span> <span class='ocrx_word' id='word_1_51' title='bbox 1323 1021 1382 1105; x_wconf 86' lang='grc' dir='ltr'>Βερ-</span> 
     </span>
     <span class='ocr_line' id='line_1_7' title="bbox 329 1109 1383 1217; baseline 0 -29"><span class='ocrx_word' id='word_1_52' title='bbox 329 1125 559 1217; x_wconf 82' lang='grc' dir='ltr'>κιχχετύρυχος,</span> <span class='ocrx_word' id='word_1_53' title='bbox 578 1127 742 1200; x_wconf 76' lang='grc' dir='ltr'>ἔπε’ςησαν.</span> <span class='ocrx_word' id='word_1_54' title='bbox 758 1109 880 1201; x_wconf 65' lang='grc' dir='ltr'>Ἐκεῖνος</span> <span class='ocrx_word' id='word_1_55' title='bbox 910 1125 963 1217; x_wconf 84' lang='grc' dir='ltr'>μὲν</span> <span class='ocrx_word' id='word_1_56' title='bbox 991 1120 1041 1191; x_wconf 81' lang='grc' dir='ltr'>οὖν</span> <span class='ocrx_word' id='word_1_57' title='bbox 1071 1133 1128 1192; x_wconf 77' lang='grc' dir='ltr'>τοῦ</span> <span class='ocrx_word' id='word_1_58' title='bbox 1157 1115 1383 1216; x_wconf 83' lang='grc' dir='ltr'>ςρατοπέδουίιι</span> 
     </span>
     <span class='ocr_line' id='line_1_8' title="bbox 327 1219 1462 1324; baseline -0.004 -27"><span class='ocrx_word' id='word_1_59' title='bbox 327 1240 384 1307; x_wconf 84' lang='grc' dir='ltr'>τῆς</span> <span class='ocrx_word' id='word_1_60' title='bbox 398 1233 532 1322; x_wconf 62' lang='grc' dir='ltr'>,πρώτης</span> <span class='ocrx_word' id='word_1_61' title='bbox 553 1237 688 1321; x_wconf 76' lang='grc' dir='ltr'>φυλακῆς</span> <span class='ocrx_word' id='word_1_62' title='bbox 720 1223 862 1314; x_wconf 79' lang='grc' dir='ltr'>ἐξελθὼν,</span> <span class='ocrx_word' id='word_1_63' title='bbox 883 1231 1022 1304; x_wconf 81' lang='grc' dir='ltr'>ύπὸ·τῆν</span> <span class='ocrx_word' id='word_1_64' title='bbox 1056 1233 1096 1296; x_wconf 82' lang='grc' dir='ltr'>ίω</span> <span class='ocrx_word' id='word_1_65' title='bbox 1119 1236 1221 1298; x_wconf 81' lang='grc' dir='ltr'>πάσαν</span> <span class='ocrx_word' id='word_1_66' title='bbox 1247 1233 1299 1304; x_wconf 71' lang='grc' dir='ltr'>τὴν</span> <span class='ocrx_word' id='word_1_67' title='bbox 1323 1219 1384 1296; x_wconf 76' lang='grc' dir='ltr'>ὁδὸν</span> <span class='ocrx_word' id='word_1_68' title='bbox 1461 1315 1462 1324; x_wconf 15' lang='lat'>¹</span> 
     </span>
     <span class='ocr_line' id='line_1_9' title="bbox 327 1328 1381 1430; baseline -0.003 -28"><span class='ocrx_word' id='word_1_69' title='bbox 327 1328 438 1427; x_wconf 83' lang='grc' dir='ltr'>σχεδὸν</span> <span class='ocrx_word' id='word_1_70' title='bbox 458 1337 582 1420; x_wconf 79' lang='grc' dir='ltr'>ἤνυσεν,</span> <span class='ocrx_word' id='word_1_71' title='bbox 609 1339 681 1413; x_wconf 87' lang='grc' dir='ltr'>τούς</span> <span class='ocrx_word' id='word_1_72' title='bbox 704 1362 739 1402; x_wconf 91' lang='grc' dir='ltr'>τε</span> <span class='ocrx_word' id='word_1_73' title='bbox 761 1329 938 1430; x_wconf 83' lang='grc' dir='ltr'>ςρατιύτας</span> <span class='ocrx_word' id='word_1_74' title='bbox 960 1338 993 1402; x_wconf 82' lang='grc' dir='ltr'>ἐκ</span> <span class='ocrx_word' id='word_1_75' title='bbox 1019 1346 1075 1403; x_wconf 81' lang='grc' dir='ltr'>τοῦ</span> <span class='ocrx_word' id='word_1_76' title='bbox 1097 1347 1154 1413; x_wconf 80' lang='grc' dir='ltr'>τῆς</span> <span class='ocrx_word' id='word_1_77' title='bbox 1175 1339 1282 1415; x_wconf 84' lang='grc' dir='ltr'>νυκτὸς</span> <span class='ocrx_word' id='word_1_78' title='bbox 1304 1336 1381 1402; x_wconf 84' lang='grc' dir='ltr'>πίνου</span> 
     </span>
     <span class='ocr_line' id='line_1_10' title="bbox 327 1441 1383 1536; baseline -0.002 -28"><span class='ocrx_word' id='word_1_79' title='bbox 327 1441 535 1510; x_wconf 77' lang='grc' dir='ltr'>ἀναπαύεσθαι</span> <span class='ocrx_word' id='word_1_80' title='bbox 553 1445 725 1530; x_wconf 75' lang='grc' dir='ltr'>ἐκέλευσεν,</span> <span class='ocrx_word' id='word_1_81' title='bbox 739 1443 808 1536; x_wconf 87' lang='grc' dir='ltr'>ὅρος</span> <span class='ocrx_word' id='word_1_82' title='bbox 829 1441 1008 1535; x_wconf 78' lang='grc' dir='ltr'>ἐπίπροσθεν</span> <span class='ocrx_word' id='word_1_83' title='bbox 1030 1443 1249 1534; x_wconf 89' lang='grc' dir='ltr'>ποιησάμενος,</span> <span class='ocrx_word' id='word_1_84' title='bbox 1263 1445 1310 1511; x_wconf 82' lang='grc' dir='ltr'>ἵνα</span> <span class='ocrx_word' id='word_1_85' title='bbox 1326 1441 1383 1518; x_wconf 80' lang='grc' dir='ltr'>τοὺς</span> 
     </span>
     <span class='ocr_line' id='line_1_11' title="bbox 326 1539 1383 1642; baseline 0 -29"><span class='ocrx_word' id='word_1_86' title='bbox 326 1551 391 1614; x_wconf 82' lang='grc' dir='ltr'>ἐκεῖ</span> <span class='ocrx_word' id='word_1_87' title='bbox 406 1543 524 1642; x_wconf 77' lang='grc' dir='ltr'>κρυύεὶς</span> <span class='ocrx_word' id='word_1_88' title='bbox 543 1548 698 1616; x_wconf 88' lang='grc' dir='ltr'>λανθάνοι·</span> <span class='ocrx_word' id='word_1_89' title='bbox 724 1541 829 1624; x_wconf 80' lang='grc' dir='ltr'>ἐπειδὴ</span> <span class='ocrx_word' id='word_1_90' title='bbox 856 1539 885 1612; x_wconf 85' lang='grc' dir='ltr'>δ’</span> <span class='ocrx_word' id='word_1_91' title='bbox 906 1540 966 1623; x_wconf 80' lang='grc' dir='ltr'>ἤδη</span> <span class='ocrx_word' id='word_1_92' title='bbox 990 1544 1167 1629; x_wconf 80' lang='grc' dir='ltr'>πλησιάζειν</span> <span class='ocrx_word' id='word_1_93' title='bbox 1191 1557 1209 1624; x_wconf 75' lang='grc' dir='ltr'><strong>ἡ</strong></span> <span class='ocrx_word' id='word_1_94' title='bbox 1231 1542 1383 1642; x_wconf 78' lang='grc' dir='ltr'>μεσημύρία</span> 
     </span>
     <span class='ocr_line' id='line_1_12' title="bbox 328 1641 1383 1750; baseline -0.003 -30"><span class='ocrx_word' id='word_1_95' title='bbox 328 1646 446 1741; x_wconf 83' lang='grc' dir='ltr'>ἐδόκει,</span> <span class='ocrx_word' id='word_1_96' title='bbox 464 1658 540 1747; x_wconf 87' lang='grc' dir='ltr'>πρὸς</span> <span class='ocrx_word' id='word_1_97' title='bbox 555 1658 593 1724; x_wconf 81' lang='grc' dir='ltr'>τὸ</span> <span class='ocrx_word' id='word_1_98' title='bbox 613 1647 675 1730; x_wconf 82' lang='grc' dir='ltr'>ἤδη</span> <span class='ocrx_word' id='word_1_99' title='bbox 703 1657 918 1750; x_wconf 79' lang='grc' dir='ltr'>προειρημένον</span> <span class='ocrx_word' id='word_1_100' title='bbox 941 1662 1003 1722; x_wconf 87' lang='grc' dir='ltr'>τῶν</span> <span class='ocrx_word' id='word_1_101' title='bbox 1028 1641 1179 1748; x_wconf 66' lang='grc' dir='ltr'>Ρωμαίων</span> <span class='ocrx_word' id='word_1_102' title='bbox 1210 1646 1383 1747; x_wconf 86' lang='grc' dir='ltr'>ςρατύπεδον</span> 
     </span>
     <span class='ocr_line' id='line_1_13' title="bbox 328 1751 1384 1855; baseline -0.002 -28"><span class='ocrx_word' id='word_1_103' title='bbox 328 1761 480 1844; x_wconf 80' lang='grc' dir='ltr'>ἀπῆλθεν,</span> <span class='ocrx_word' id='word_1_104' title='bbox 503 1765 533 1828; x_wconf 80' lang='grc' dir='ltr'>ἐν</span> <span class='ocrx_word' id='word_1_105' title='bbox 554 1764 661 1849; x_wconf 80' lang='grc' dir='ltr'>σαυτῷ</span> <span class='ocrx_word' id='word_1_106' title='bbox 685 1753 720 1828; x_wconf 73' lang='grc' dir='ltr'>δὲ</span> <span class='ocrx_word' id='word_1_107' title='bbox 743 1761 795 1828; x_wconf 90' lang='grc' dir='ltr'>καὶ</span> <span class='ocrx_word' id='word_1_108' title='bbox 817 1762 845 1830; x_wconf 83' lang='grc' dir='ltr'>οἱ</span> <span class='ocrx_word' id='word_1_109' title='bbox 865 1763 965 1840; x_wconf 83' lang='grc' dir='ltr'>ἱππεῖς</span> <span class='ocrx_word' id='word_1_110' title='bbox 987 1763 1062 1855; x_wconf 85' lang='grc' dir='ltr'>πρὸς</span> <span class='ocrx_word' id='word_1_111' title='bbox 1084 1760 1141 1840; x_wconf 82' lang='grc' dir='ltr'>τὰς</span> <span class='ocrx_word' id='word_1_112' title='bbox 1172 1765 1204 1829; x_wconf 82' lang='grc' dir='ltr'>ἐν</span> <span class='ocrx_word' id='word_1_113' title='bbox 1234 1770 1279 1850; x_wconf 84' lang='grc' dir='ltr'>τῷ</span> <span class='ocrx_word' id='word_1_114' title='bbox 1304 1751 1384 1844; x_wconf 75' lang='grc' dir='ltr'>πεδίῳ</span> 
     </span>
     <span class='ocr_line' id='line_1_14' title="bbox 325 1857 1383 1964; baseline -0.003 -30"><span class='ocrx_word' id='word_1_115' title='bbox 325 1871 487 1962; x_wconf 85' lang='grc' dir='ltr'>ὀχυρώσεις</span> <span class='ocrx_word' id='word_1_116' title='bbox 508 1871 729 1964; x_wconf 75' lang='grc' dir='ltr'>παρεγένοντο,</span> <span class='ocrx_word' id='word_1_117' title='bbox 750 1869 802 1935; x_wconf 91' lang='grc' dir='ltr'>καὶ</span> <span class='ocrx_word' id='word_1_118' title='bbox 823 1875 842 1942; x_wconf 74' lang='grc' dir='ltr'>ἡ</span> <span class='ocrx_word' id='word_1_119' title='bbox 859 1871 953 1941; x_wconf 75' lang='grc' dir='ltr'>λοιπὴ</span> <span class='ocrx_word' id='word_1_120' title='bbox 973 1865 1104 1963; x_wconf 83' lang='grc' dir='ltr'>ςρατιδι,</span> <span class='ocrx_word' id='word_1_121' title='bbox 1130 1879 1188 1936; x_wconf 80' lang='grc' dir='ltr'>τοῦ</span> <span class='ocrx_word' id='word_1_122' title='bbox 1209 1857 1383 1963; x_wconf 80' lang='grc' dir='ltr'>ςρατοπίδοο</span> 
     </span>
     <span class='ocr_line' id='line_1_15' title="bbox 324 1967 747 2070; baseline 0.005 -31"><span class='ocrx_word' id='word_1_123' title='bbox 324 1967 461 2057; x_wconf 77' lang='grc' dir='ltr'>ἐξιοῦσα,</span> <span class='ocrx_word' id='word_1_124' title='bbox 480 1975 595 2069; x_wconf 77' lang='grc' dir='ltr'>φανερὰ</span> <span class='ocrx_word' id='word_1_125' title='bbox 617 1977 747 2070; x_wconf 75' lang='grc' dir='ltr'>ἐγένετο.</span> 
     </span>
    </p>

    <p class='ocr_par' dir='ltr' id='par_1_3' title="bbox 325 2073 1466 3559">
     <span class='ocr_line' id='line_1_16' title="bbox 341 2073 1394 2180; baseline 0.002 -37"><span class='ocrx_word' id='word_1_126' title='bbox 341 2135 345 2143; x_wconf 87' lang='grc'>,</span> <span class='ocrx_word' id='word_1_127' title='bbox 379 2083 567 2150; x_wconf 84' lang='lat' dir='ltr'>LXXXIV.</span> <span class='ocrx_word' id='word_1_128' title='bbox 583 2079 647 2148; x_wconf 84' lang='grc' dir='ltr'>Καὶ</span> <span class='ocrx_word' id='word_1_129' title='bbox 666 2087 683 2148; x_wconf 80' lang='grc' dir='ltr'>ὁ</span> <span class='ocrx_word' id='word_1_130' title='bbox 704 2083 758 2172; x_wconf 78' lang='grc' dir='ltr'>μὲν</span> <span class='ocrx_word' id='word_1_131' title='bbox 776 2075 1033 2177; x_wconf 79' lang='grc' dir='ltr'>Βερκιχχέτορυξ,</span> <span class='ocrx_word' id='word_1_132' title='bbox 1047 2085 1081 2150; x_wconf 83' lang='grc' dir='ltr'>ἐκ</span> <span class='ocrx_word' id='word_1_133' title='bbox 1103 2091 1158 2160; x_wconf 81' lang='grc' dir='ltr'>τῆς</span> <span class='ocrx_word' id='word_1_134' title='bbox 1181 2073 1308 2160; x_wconf 81' lang='grc' dir='ltr'>Ᾰλεξίας</span> <span class='ocrx_word' id='word_1_135' title='bbox 1327 2081 1394 2180; x_wconf 55' lang='grc' dir='ltr'>τοὺςθ</span> 
     </span>
     <span class='ocr_line' id='line_1_17' title="bbox 327 2180 1385 2283; baseline -0.002 -31"><span class='ocrx_word' id='word_1_136' title='bbox 327 2191 438 2254; x_wconf 79' lang='grc' dir='ltr'>ἑαυτοῦ</span> <span class='ocrx_word' id='word_1_137' title='bbox 465 2180 623 2275; x_wconf 82' lang='grc' dir='ltr'>κατιδὼν,</span> <span class='ocrx_word' id='word_1_138' title='bbox 646 2191 681 2254; x_wconf 77' lang='grc' dir='ltr'>ε’κ</span> <span class='ocrx_word' id='word_1_139' title='bbox 706 2197 764 2266; x_wconf 72' lang='grc' dir='ltr'>τῆς</span> <span class='ocrx_word' id='word_1_140' title='bbox 791 2188 909 2266; x_wconf 83' lang='grc' dir='ltr'>πόλεως</span> <span class='ocrx_word' id='word_1_141' title='bbox 932 2181 1060 2283; x_wconf 79' lang='grc' dir='ltr'>ε’ξύχαχε</span> <span class='ocrx_word' id='word_1_142' title='bbox 1083 2190 1120 2256; x_wconf 83' lang='grc' dir='ltr'>τὸ</span> <span class='ocrx_word' id='word_1_143' title='bbox 1142 2189 1197 2255; x_wconf 84' lang='grc' dir='ltr'>σὺν</span> <span class='ocrx_word' id='word_1_144' title='bbox 1224 2195 1306 2273; x_wconf 79' lang='grc' dir='ltr'>αὐτῷ</span> <span class='ocrx_word' id='word_1_145' title='bbox 1321 2183 1385 2278; x_wconf 86' lang='grc' dir='ltr'>ςρά-</span> 
     </span>
     <span class='ocr_line' id='line_1_18' title="bbox 326 2288 1465 2389; baseline -0.001 -31"><span class='ocrx_word' id='word_1_146' title='bbox 326 2295 648 2389; x_wconf 81' lang='grc' dir='ltr'>τευμα,,άρπαχῶνάς</span> <span class='ocrx_word' id='word_1_147' title='bbox 668 2319 719 2378; x_wconf 90' lang='grc' dir='ltr'>τε,</span> <span class='ocrx_word' id='word_1_148' title='bbox 739 2293 791 2360; x_wconf 82' lang='grc' dir='ltr'>καὶ</span> <span class='ocrx_word' id='word_1_149' title='bbox 811 2288 887 2372; x_wconf 81' lang='grc' dir='ltr'>ξύλα</span> <span class='ocrx_word' id='word_1_150' title='bbox 909 2295 1168 2388; x_wconf 84' lang='grc' dir='ltr'>άνατεταμμίνα,</span> <span class='ocrx_word' id='word_1_151' title='bbox 1187 2297 1281 2389; x_wconf 81' lang='grc' dir='ltr'>ςέγας</span> <span class='ocrx_word' id='word_1_152' title='bbox 1299 2319 1331 2359; x_wconf 90' lang='grc' dir='ltr'>τε</span> <span class='ocrx_word' id='word_1_153' title='bbox 1347 2291 1386 2358; x_wconf 79' lang='grc' dir='ltr'>ἐπὶ</span> <span class='ocrx_word' id='word_1_154' title='bbox 1464 2291 1465 2296; x_wconf 59' lang='grc'>’</span> 
     </span>
     <span class='ocr_line' id='line_1_19' title="bbox 325 2392 1386 2494; baseline 0.001 -31"><span class='ocrx_word' id='word_1_155' title='bbox 325 2399 363 2465; x_wconf 83' lang='grc' dir='ltr'>τὸ</span> <span class='ocrx_word' id='word_1_156' title='bbox 382 2394 557 2479; x_wconf 80' lang='grc' dir='ltr'>πλησιάζειν</span> <span class='ocrx_word' id='word_1_157' title='bbox 585 2408 649 2479; x_wconf 84' lang='grc' dir='ltr'>τοῖς</span> <span class='ocrx_word' id='word_1_158' title='bbox 670 2398 843 2493; x_wconf 87' lang='grc' dir='ltr'>πολεμίοις,</span> <span class='ocrx_word' id='word_1_159' title='bbox 861 2400 913 2468; x_wconf 83' lang='grc' dir='ltr'>καὶ</span> <span class='ocrx_word' id='word_1_160' title='bbox 936 2392 1088 2494; x_wconf 80' lang='grc' dir='ltr'>δρέπανα,</span> <span class='ocrx_word' id='word_1_161' title='bbox 1110 2401 1161 2468; x_wconf 91' lang='grc' dir='ltr'>καὶ</span> <span class='ocrx_word' id='word_1_162' title='bbox 1184 2398 1268 2468; x_wconf 84' lang='grc' dir='ltr'>άλλα</span> <span class='ocrx_word' id='word_1_163' title='bbox 1287 2424 1386 2466; x_wconf 81' lang='grc' dir='ltr'>παντο·</span> 
     </span>
     <span class='ocr_line' id='line_1_20' title="bbox 328 2496 1466 2602; baseline 0.004 -31"><span class='ocrx_word' id='word_1_164' title='bbox 328 2496 436 2591; x_wconf 83' lang='grc' dir='ltr'>δαπδι,</span> <span class='ocrx_word' id='word_1_165' title='bbox 452 2503 472 2573; x_wconf 80' lang='grc' dir='ltr'>ἃ</span> <span class='ocrx_word' id='word_1_166' title='bbox 489 2508 539 2576; x_wconf 81' lang='grc' dir='ltr'>ἐπὶ</span> <span class='ocrx_word' id='word_1_167' title='bbox 558 2535 599 2602; x_wconf 79' lang='grc' dir='ltr'>τρ</span> <span class='ocrx_word' id='word_1_168' title='bbox 617 2497 715 2592; x_wconf 82' lang='grc' dir='ltr'>ἐξόδῳ</span> <span class='ocrx_word' id='word_1_169' title='bbox 735 2509 1034 2601; x_wconf 70' lang='grc' dir='ltr'>προπαρεσκεύασαν,</span> <span class='ocrx_word' id='word_1_170' title='bbox 1053 2509 1245 2601; x_wconf 80' lang='grc' dir='ltr'>προσέφερεν·</span> <span class='ocrx_word' id='word_1_171' title='bbox 1265 2503 1385 2601; x_wconf 76' lang='grc' dir='ltr'>ε’μαχιίθι</span> <span class='ocrx_word' id='word_1_172' title='bbox 1465 2526 1466 2533; x_wconf 76' lang='grc'>’</span> 
     </span>
     <span class='ocr_line' id='line_1_21' title="bbox 325 2606 1386 2709; baseline -0.002 -30"><span class='ocrx_word' id='word_1_173' title='bbox 325 2606 361 2679; x_wconf 85' lang='grc' dir='ltr'>δὲ</span> <span class='ocrx_word' id='word_1_174' title='bbox 373 2616 403 2679; x_wconf 80' lang='grc' dir='ltr'>ἐν</span> <span class='ocrx_word' id='word_1_175' title='bbox 423 2623 529 2702; x_wconf 80' lang='grc' dir='ltr'>σαυτῷ</span> <span class='ocrx_word' id='word_1_176' title='bbox 542 2616 642 2709; x_wconf 83' lang='grc' dir='ltr'>χρόνῳ</span> <span class='ocrx_word' id='word_1_177' title='bbox 661 2613 829 2697; x_wconf 86' lang='grc' dir='ltr'>πάντοθεν,</span> <span class='ocrx_word' id='word_1_178' title='bbox 841 2615 966 2683; x_wconf 89' lang='grc' dir='ltr'>πάντων</span> <span class='ocrx_word' id='word_1_179' title='bbox 987 2639 1042 2699; x_wconf 88' lang='grc' dir='ltr'>τε,</span> <span class='ocrx_word' id='word_1_180' title='bbox 1058 2612 1098 2679; x_wconf 88' lang='grc' dir='ltr'>ὧν</span> <span class='ocrx_word' id='word_1_181' title='bbox 1119 2606 1289 2697; x_wconf 78' lang='grc' dir='ltr'>ἠδύναντο,</span> <span class='ocrx_word' id='word_1_182' title='bbox 1307 2611 1386 2704; x_wconf 87' lang='grc' dir='ltr'>άμφί-</span> 
     </span>
     <span class='ocr_line' id='line_1_22' title="bbox 326 2719 1386 2815; baseline -0.003 -30"><span class='ocrx_word' id='word_1_183' title='bbox 326 2746 408 2812; x_wconf 84' lang='grc' dir='ltr'>τεροι</span> <span class='ocrx_word' id='word_1_184' title='bbox 427 2728 532 2814; x_wconf 79' lang='grc' dir='ltr'>πεῖραν</span> <span class='ocrx_word' id='word_1_185' title='bbox 551 2724 751 2805; x_wconf 72' lang='grc' dir='ltr'>ἐποιήσαντο,</span> <span class='ocrx_word' id='word_1_186' title='bbox 769 2719 790 2814; x_wconf 73' lang='grc' dir='ltr'><strong><em>ᾗ</em></strong></span> <span class='ocrx_word' id='word_1_187' title='bbox 808 2746 843 2787; x_wconf 89' lang='grc' dir='ltr'>τε</span> <span class='ocrx_word' id='word_1_188' title='bbox 865 2722 936 2799; x_wconf 88' lang='grc' dir='ltr'>τοὺς</span> <span class='ocrx_word' id='word_1_189' title='bbox 952 2731 1034 2811; x_wconf 83' lang='grc' dir='ltr'>σφῶν</span> <span class='ocrx_word' id='word_1_190' title='bbox 1058 2721 1270 2815; x_wconf 77' lang='grc' dir='ltr'>άσθενεςέρους</span> <span class='ocrx_word' id='word_1_191' title='bbox 1288 2722 1386 2811; x_wconf 83' lang='grc' dir='ltr'>ἑώρων,</span> 
     </span>
     <span class='ocr_line' id='line_1_23' title="bbox 328 2813 1466 2922; baseline -0.004 -29"><span class='ocrx_word' id='word_1_192' title='bbox 328 2830 428 2922; x_wconf 72' lang='grc' dir='ltr'>ταύτῃ</span> <span class='ocrx_word' id='word_1_193' title='bbox 450 2828 563 2907; x_wconf 85' lang='grc' dir='ltr'>πάντες</span> <span class='ocrx_word' id='word_1_194' title='bbox 585 2822 741 2902; x_wconf 74' lang='grc' dir='ltr'>ἐύοιίθουν.</span> <span class='ocrx_word' id='word_1_195' title='bbox 759 2826 823 2893; x_wconf 86' lang='grc' dir='ltr'>Καὶ</span> <span class='ocrx_word' id='word_1_196' title='bbox 845 2834 863 2902; x_wconf 75' lang='grc' dir='ltr'>ἡ</span> <span class='ocrx_word' id='word_1_197' title='bbox 885 2828 937 2919; x_wconf 80' lang='grc' dir='ltr'>μὲν</span> <span class='ocrx_word' id='word_1_198' title='bbox 960 2837 1022 2894; x_wconf 78' lang='grc' dir='ltr'>τῶν</span> <span class='ocrx_word' id='word_1_199' title='bbox 1043 2813 1194 2921; x_wconf 64' lang='grc' dir='ltr'>Ῥωμαίων</span> <span class='ocrx_word' id='word_1_200' title='bbox 1224 2820 1343 2916; x_wconf 87' lang='grc' dir='ltr'>δύναμις</span> <span class='ocrx_word' id='word_1_201' title='bbox 1361 2826 1384 2888; x_wconf 81' lang='grc' dir='ltr'>ἐν</span> <span class='ocrx_word' id='word_1_202' title='bbox 1465 2894 1466 2897; x_wconf 11' lang='lat'>¹</span> 
     </span>
     <span class='ocr_line' id='line_1_24' title="bbox 325 2925 1385 3026; baseline -0.006 -27"><span class='ocrx_word' id='word_1_203' title='bbox 325 2944 370 3021; x_wconf 82' lang='grc' dir='ltr'>τῷ</span> <span class='ocrx_word' id='word_1_204' title='bbox 396 2944 536 3001; x_wconf 80' lang='grc' dir='ltr'>τοσαῦτα</span> <span class='ocrx_word' id='word_1_205' title='bbox 556 2936 696 3026; x_wconf 83' lang='grc' dir='ltr'>ἐρύματα</span> <span class='ocrx_word' id='word_1_206' title='bbox 722 2925 943 3023; x_wconf 82' lang='grc' dir='ltr'>διαφυλάττειν</span> <span class='ocrx_word' id='word_1_207' title='bbox 969 2933 1157 3025; x_wconf 83' lang='grc' dir='ltr'>κατείχετο,Ι</span> <span class='ocrx_word' id='word_1_208' title='bbox 1171 2935 1243 3001; x_wconf 78' lang='grc' dir='ltr'>οὔτε</span> <span class='ocrx_word' id='word_1_209' title='bbox 1267 2925 1385 3007; x_wconf 75' lang='grc' dir='ltr'>ἠδύνατο</span> 
     </span>
     <span class='ocr_line' id='line_1_25' title="bbox 325 3031 1386 3132; baseline -0.006 -26"><span class='ocrx_word' id='word_1_210' title='bbox 325 3040 428 3112; x_wconf 83' lang='grc' dir='ltr'>πάντη</span> <span class='ocrx_word' id='word_1_211' title='bbox 450 3034 580 3113; x_wconf 76' lang='grc' dir='ltr'>ύοηθεῖν·</span> <span class='ocrx_word' id='word_1_212' title='bbox 598 3041 674 3132; x_wconf 87' lang='grc' dir='ltr'>πρὸς</span> <span class='ocrx_word' id='word_1_213' title='bbox 697 3042 820 3117; x_wconf 86' lang='grc' dir='ltr'>τούτοις</span> <span class='ocrx_word' id='word_1_214' title='bbox 839 3031 874 3105; x_wconf 81' lang='grc' dir='ltr'>δὲ</span> <span class='ocrx_word' id='word_1_215' title='bbox 895 3039 947 3106; x_wconf 90' lang='grc' dir='ltr'>καὶ</span> <span class='ocrx_word' id='word_1_216' title='bbox 968 3042 1047 3107; x_wconf 89' lang='grc' dir='ltr'>πολὺ</span> <span class='ocrx_word' id='word_1_217' title='bbox 1068 3040 1144 3131; x_wconf 84' lang='grc' dir='ltr'>πρὸς</span> <span class='ocrx_word' id='word_1_218' title='bbox 1167 3042 1205 3107; x_wconf 87' lang='grc' dir='ltr'>τὸ</span> <span class='ocrx_word' id='word_1_219' title='bbox 1230 3040 1334 3112; x_wconf 83' lang='grc' dir='ltr'>αὐτοὺς</span> <span class='ocrx_word' id='word_1_220' title='bbox 1350 3038 1386 3101; x_wconf 74' lang='grc' dir='ltr'>ἐκ·</span> 
     </span>
     <span class='ocr_line' id='line_1_26' title="bbox 326 3139 1385 3241; baseline 0.002 -30"><span class='ocrx_word' id='word_1_221' title='bbox 326 3139 429 3235; x_wconf 75' lang='grc' dir='ltr'>φούεῑν</span> <span class='ocrx_word' id='word_1_222' title='bbox 449 3146 606 3239; x_wconf 76' lang='grc' dir='ltr'>ίσχυσενη</span> <span class='ocrx_word' id='word_1_223' title='bbox 630 3149 745 3241; x_wconf 72' lang='grc' dir='ltr'>κραυγὴ</span> <span class='ocrx_word' id='word_1_224' title='bbox 766 3145 887 3214; x_wconf 77' lang='grc' dir='ltr'>ὄπισθεν</span> <span class='ocrx_word' id='word_1_225' title='bbox 912 3151 1013 3213; x_wconf 82' lang='grc' dir='ltr'>αὐτῶν</span> <span class='ocrx_word' id='word_1_226' title='bbox 1033 3148 1214 3239; x_wconf 68' lang='grc' dir='ltr'>μαχομένων</span> <span class='ocrx_word' id='word_1_227' title='bbox 1239 3144 1385 3240; x_wconf 77' lang='grc' dir='ltr'>γενομένη,</span> 
     </span>
     <span class='ocr_line' id='line_1_27' title="bbox 325 3244 1385 3346; baseline -0.006 -28"><span class='ocrx_word' id='word_1_228' title='bbox 325 3254 376 3318; x_wconf 84' lang='grc' dir='ltr'>ὅτι</span> <span class='ocrx_word' id='word_1_229' title='bbox 399 3256 429 3319; x_wconf 84' lang='grc' dir='ltr'>ἐν</span> <span class='ocrx_word' id='word_1_230' title='bbox 448 3264 489 3343; x_wconf 80' lang='grc' dir='ltr'>τῇ</span> <span class='ocrx_word' id='word_1_231' title='bbox 510 3261 573 3320; x_wconf 84' lang='grc' dir='ltr'>τῶν</span> <span class='ocrx_word' id='word_1_232' title='bbox 597 3250 699 3320; x_wconf 81' lang='grc' dir='ltr'>ἄλλων</span> <span class='ocrx_word' id='word_1_233' title='bbox 721 3253 801 3346; x_wconf 77' lang='grc' dir='ltr'>ἀλκῇ</span> <span class='ocrx_word' id='word_1_234' title='bbox 822 3254 875 3319; x_wconf 85' lang='grc' dir='ltr'>τὸν</span> <span class='ocrx_word' id='word_1_235' title='bbox 900 3260 983 3343; x_wconf 80' lang='grc' dir='ltr'>σφῶν</span> <span class='ocrx_word' id='word_1_236' title='bbox 1002 3256 1104 3321; x_wconf 86' lang='grc' dir='ltr'>αὐτῶν</span> <span class='ocrx_word' id='word_1_237' title='bbox 1126 3244 1264 3319; x_wconf 88' lang='grc' dir='ltr'>κίνδυνον</span> <span class='ocrx_word' id='word_1_238' title='bbox 1289 3248 1385 3318; x_wconf 78' lang='grc' dir='ltr'>κείσθω</span> 
     </span>
     <span class='ocr_line' id='line_1_28' title="bbox 326 3353 1386 3452; baseline -0.004 -29"><span class='ocrx_word' id='word_1_239' title='bbox 326 3360 435 3451; x_wconf 78' lang='grc' dir='ltr'>ἑώρων·</span> <span class='ocrx_word' id='word_1_240' title='bbox 447 3356 612 3444; x_wconf 87' lang='grc' dir='ltr'>(πολλάκις</span> <span class='ocrx_word' id='word_1_241' title='bbox 627 3356 751 3452; x_wconf 82' lang='grc' dir='ltr'>μὲνγὰρ</span> <span class='ocrx_word' id='word_1_242' title='bbox 763 3353 921 3451; x_wconf 76' lang='grc' dir='ltr'>συμύαίνει</span> <span class='ocrx_word' id='word_1_243' title='bbox 934 3356 977 3425; x_wconf 85' lang='grc' dir='ltr'>τδι</span> <span class='ocrx_word' id='word_1_244' title='bbox 991 3365 1094 3427; x_wconf 85' lang='grc' dir='ltr'>πλεῖον</span> <span class='ocrx_word' id='word_1_245' title='bbox 1110 3359 1284 3451; x_wconf 85' lang='grc' dir='ltr'>άπίχοντα,</span> <span class='ocrx_word' id='word_1_246' title='bbox 1300 3366 1386 3424; x_wconf 83' lang='grc' dir='ltr'>ταῦτα</span> 
     </span>
     <span class='ocr_line' id='line_1_29' title="bbox 328 3459 926 3559; baseline -0.002 -27"><span class='ocrx_word' id='word_1_247' title='bbox 328 3470 444 3556; x_wconf 72' lang='grc' dir='ltr'>μοῦιλον</span> <span class='ocrx_word' id='word_1_248' title='bbox 465 3467 536 3544; x_wconf 84' lang='grc' dir='ltr'>τοὺς</span> <span class='ocrx_word' id='word_1_249' title='bbox 555 3466 729 3559; x_wconf 83' lang='grc' dir='ltr'>ἀνθρώπους</span> <span class='ocrx_word' id='word_1_250' title='bbox 748 3459 885 3555; x_wconf 76' lang='grc' dir='ltr'>ἐκφούεῖν</span> <span class='ocrx_word' id='word_1_251' title='bbox 901 3462 926 3551; x_wconf 90' lang='grc'>).</span> 
     </span>
    </p>

    <p class='ocr_par' dir='ltr' id='par_1_4' title="bbox 325 3558 1385 4198">
     <span class='ocr_line' id='line_1_30' title="bbox 379 3558 1384 3665; baseline -0.008 -26"><span class='ocrx_word' id='word_1_252' title='bbox 379 3574 552 3640; x_wconf 87' lang='lat' dir='ltr'>LXXXV.</span> <span class='ocrx_word' id='word_1_253' title='bbox 564 3558 593 3638; x_wconf 86' lang='grc' dir='ltr'>ί)</span> <span class='ocrx_word' id='word_1_254' title='bbox 605 3573 658 3663; x_wconf 81' lang='grc' dir='ltr'>μὲν</span> <span class='ocrx_word' id='word_1_255' title='bbox 669 3568 720 3639; x_wconf 82' lang='grc' dir='ltr'>οὖν</span> <span class='ocrx_word' id='word_1_256' title='bbox 730 3574 851 3665; x_wconf 83' lang='grc' dir='ltr'>Καῖσαρ</span> <span class='ocrx_word' id='word_1_257' title='bbox 865 3572 960 3639; x_wconf 88' lang='grc' dir='ltr'>τύπον</span> <span class='ocrx_word' id='word_1_258' title='bbox 972 3574 1048 3665; x_wconf 84' lang='grc' dir='ltr'>πρὸς</span> <span class='ocrx_word' id='word_1_259' title='bbox 1057 3582 1151 3639; x_wconf 80' lang='grc' dir='ltr'>τοῦτο</span> <span class='ocrx_word' id='word_1_260' title='bbox 1166 3563 1334 3646; x_wconf 70' lang='grc' dir='ltr'>ἐπιτήδειον</span> <span class='ocrx_word' id='word_1_261' title='bbox 1345 3570 1384 3632; x_wconf 83' lang='grc' dir='ltr'>εὑ-</span> 
     </span>
     <span class='ocr_line' id='line_1_31' title="bbox 328 3668 1385 3771; baseline 0.004 -28"><span class='ocrx_word' id='word_1_262' title='bbox 328 3680 406 3771; x_wconf 83' lang='grc' dir='ltr'>ρὼν,</span> <span class='ocrx_word' id='word_1_263' title='bbox 429 3676 472 3745; x_wconf 78' lang='grc' dir='ltr'>τὰ</span> <span class='ocrx_word' id='word_1_264' title='bbox 496 3681 667 3769; x_wconf 83' lang='grc' dir='ltr'>ε’καςαχύσε</span> <span class='ocrx_word' id='word_1_265' title='bbox 690 3679 856 3770; x_wconf 85' lang='grc' dir='ltr'>ποιούμενα</span> <span class='ocrx_word' id='word_1_266' title='bbox 884 3678 1038 3771; x_wconf 84' lang='grc' dir='ltr'>καθεώρα,</span> <span class='ocrx_word' id='word_1_267' title='bbox 1058 3686 1123 3757; x_wconf 86' lang='grc' dir='ltr'>τοῖς</span> <span class='ocrx_word' id='word_1_268' title='bbox 1153 3678 1179 3745; x_wconf 90' lang='grc' dir='ltr'>θ’</span> <span class='ocrx_word' id='word_1_269' title='bbox 1199 3684 1325 3759; x_wconf 77' lang='grc' dir='ltr'>ἑαυτοῦ,</span> <span class='ocrx_word' id='word_1_270' title='bbox 1344 3668 1385 3747; x_wconf 71' lang='grc' dir='ltr'>οὓς</span> 
     </span>
     <span class='ocr_line' id='line_1_32' title="bbox 326 3778 1385 3878; baseline -0.009 -26"><span class='ocrx_word' id='word_1_271' title='bbox 326 3794 496 3863; x_wconf 81' lang='grc' dir='ltr'>πονοῦντας</span> <span class='ocrx_word' id='word_1_272' title='bbox 528 3789 623 3877; x_wconf 74' lang='grc' dir='ltr'>ἑώρα,</span> <span class='ocrx_word' id='word_1_273' title='bbox 645 3778 784 3860; x_wconf 73' lang='grc' dir='ltr'>ύοῆθειαν</span> <span class='ocrx_word' id='word_1_274' title='bbox 815 3786 941 3877; x_wconf 83' lang='grc' dir='ltr'>ἔπεμπε·</span> <span class='ocrx_word' id='word_1_275' title='bbox 970 3784 1022 3853; x_wconf 89' lang='grc' dir='ltr'>καὶ</span> <span class='ocrx_word' id='word_1_276' title='bbox 1047 3784 1216 3878; x_wconf 79' lang='grc' dir='ltr'>ἀμφότεροι</span> <span class='ocrx_word' id='word_1_277' title='bbox 1239 3788 1272 3850; x_wconf 77' lang='grc' dir='ltr'>ἐκ</span> <span class='ocrx_word' id='word_1_278' title='bbox 1299 3780 1385 3859; x_wconf 84' lang='grc' dir='ltr'>τούτῳ</span> 
     </span>
     <span class='ocr_line' id='line_1_33' title="bbox 326 3878 1384 3986; baseline -0.005 -29"><span class='ocrx_word' id='word_1_279' title='bbox 326 3893 428 3986; x_wconf 85' lang='grc' dir='ltr'>καιρὸν</span> <span class='ocrx_word' id='word_1_280' title='bbox 461 3887 535 3959; x_wconf 83' lang='grc' dir='ltr'>εἶναι</span> <span class='ocrx_word' id='word_1_281' title='bbox 557 3878 614 3961; x_wconf 77' lang='grc' dir='ltr'>τοῦ</span> <span class='ocrx_word' id='word_1_282' title='bbox 644 3891 774 3984; x_wconf 82' lang='grc' dir='ltr'>ἰσχυρῶς</span> <span class='ocrx_word' id='word_1_283' title='bbox 801 3883 1006 3983; x_wconf 85' lang='grc' dir='ltr'>διαμάχεσθαι</span> <span class='ocrx_word' id='word_1_284' title='bbox 1037 3892 1246 3983; x_wconf 78' lang='grc' dir='ltr'>ἐνεθυμοῦντο.</span> <span class='ocrx_word' id='word_1_285' title='bbox 1278 3886 1316 3953; x_wconf 83' lang='grc' dir='ltr'>Οἱ</span> <span class='ocrx_word' id='word_1_286' title='bbox 1341 3882 1384 3975; x_wconf 66' lang='grc' dir='ltr'>μὲν</span> 
     </span>
     <span class='ocr_line' id='line_1_34' title="bbox 325 3984 1384 4092; baseline -0.004 -29"><span class='ocrx_word' id='word_1_287' title='bbox 325 3995 383 4090; x_wconf 74' lang='grc' dir='ltr'>γάρ</span> <span class='ocrx_word' id='word_1_288' title='bbox 399 3997 530 4082; x_wconf 91' lang='grc' dir='ltr'>Γάλλοι,</span> <span class='ocrx_word' id='word_1_289' title='bbox 550 3999 575 4065; x_wconf 90' lang='grc' dir='ltr'>εί</span> <span class='ocrx_word' id='word_1_290' title='bbox 598 4002 640 4092; x_wconf 81' lang='grc' dir='ltr'>μή</span> <span class='ocrx_word' id='word_1_291' title='bbox 662 4000 700 4066; x_wconf 84' lang='grc' dir='ltr'>τὸ</span> <span class='ocrx_word' id='word_1_292' title='bbox 721 3998 896 4089; x_wconf 85' lang='grc' dir='ltr'>χαράκωμα</span> <span class='ocrx_word' id='word_1_293' title='bbox 917 4001 947 4064; x_wconf 81' lang='grc' dir='ltr'>ἐν</span> <span class='ocrx_word' id='word_1_294' title='bbox 970 4000 1073 4085; x_wconf 84' lang='grc' dir='ltr'>τούτῳ</span> <span class='ocrx_word' id='word_1_295' title='bbox 1097 3992 1240 4079; x_wconf 79' lang='grc' dir='ltr'>ἐξελοιεν,</span> <span class='ocrx_word' id='word_1_296' title='bbox 1259 3984 1384 4080; x_wconf 67' lang='grc' dir='ltr'>οὐδεμίαν</span> 
     </span>
     <span class='ocr_line' id='line_1_35' title="bbox 327 4087 1385 4198; baseline -0.009 -27"><span class='ocrx_word' id='word_1_297' title='bbox 327 4106 374 4173; x_wconf 80' lang='grc' dir='ltr'>ἔτι</span> <span class='ocrx_word' id='word_1_298' title='bbox 400 4115 457 4183; x_wconf 77' lang='grc' dir='ltr'>τῆς</span> <span class='ocrx_word' id='word_1_299' title='bbox 477 4114 561 4197; x_wconf 79' lang='grc' dir='ltr'>σφῶν</span> <span class='ocrx_word' id='word_1_300' title='bbox 584 4104 737 4198; x_wconf 79' lang='grc' dir='ltr'>σωτηρίας</span> <span class='ocrx_word' id='word_1_301' title='bbox 760 4096 875 4174; x_wconf 78' lang='grc' dir='ltr'>ἐλπίδα</span> <span class='ocrx_word' id='word_1_302' title='bbox 899 4108 1071 4173; x_wconf 79' lang='grc' dir='ltr'>ἐποιοῦντο·</span> <span class='ocrx_word' id='word_1_303' title='bbox 1097 4104 1126 4175; x_wconf 78' lang='grc' dir='ltr'>οἱ</span> <span class='ocrx_word' id='word_1_304' title='bbox 1149 4095 1183 4170; x_wconf 82' lang='grc' dir='ltr'>δὲ</span> <span class='ocrx_word' id='word_1_305' title='bbox 1201 4087 1385 4193; x_wconf 75' lang='grc' dir='ltr'>Ρωμαῖοι,εἰ</span> 
     </span>
    </p>
   </div>
   <div class='ocr_carea' id='block_1_3' title="bbox 0 0 1506 5025">
    <p class='ocr_par' dir='ltr' id='par_1_5' title="bbox 0 0 1506 5025">
     <span class='ocr_line' id='line_1_36' title="bbox 0 0 1506 5025; baseline 0 0"><span class='ocrx_word' id='word_1_306' title='bbox 0 0 1506 5025; x_wconf 95' lang='lat' dir='ltr'> </span> 
     </span>
    </p>
   </div>
  </div>
 </body>
</html>
