3000 5025
260 465 569 536 INTERPRES
596 462 831 533 GRAECUS.
858 464 955 532 LIB.
984 465 1074 534 VII.
1133 462 1206 538 513

140 597 188 664 καὶ
202 598 271 677 τοὺς
294 595 412 676 άλλους.
422 601 484 665 ἐκεῖ
501 598 593 674 ὄντας
608 595 757 688 ἐμπόρους
775 580 955 686 Ῥωμαίους,
971 599 1091 678 πάντας
1109 603 1207 668 ταυτὸ

139 711 229 771 ποιεῖν
244 699 457 799 ἀναγκάζουσι·
469 706 591 780 τούτοις
608 694 643 768 δέ
652 693 805 779 διηνεκῶς
818 703 848 768 ἐν
860 710 900 795 τῇ
912 695 977 791 ὁδῷ
993 706 1208 798 ἐπιτιθέμενοι,

139 809 239 878 πάντα
258 811 298 879 τὰ
316 817 405 886 σκεύη
427 815 527 878 αὐτῶν
547 811 735 902 ἀφαιροῦσιν.
756 809 886 874 Πολλῶν
903 811 1010 878 ἔπειτα
1028 803 1063 878 δὲ
1083 813 1135 879 καὶ
1153 815 1208 880 άν-

139 918 234 1007 τέχειν
254 919 365 996 αὐτοὺς
380 913 600 1008 ῶουλομένους,
614 918 728 1007 ἡμέρας
749 940 784 981 τε
802 914 854 981 καὶ
873 918 983 995 νυκτὸς
1001 922 1206 1012 πολιορκοῦσι·

140 1029 258 1092 πολλῶν
282 1017 311 1090 δ’
331 1023 543 1116 ἀμφοτέρωθεν
569 1023 745 1105 πεσόντων,
767 1019 906 1101 πλείονας
933 1024 983 1091 ἐπὶ
1009 1021 1052 1090 τδι
1074 1028 1157 1093 ὅπλα
1181 1027 1210 1094 οἱ

140 1113 263 1209 Εδουεῖς
283 1139 490 1224 παρορμῶσιν.

190 1239 317 1305 κιιιι.
344 1223 387 1303 ιιι
415 1240 517 1321 τούτῳ
545 1228 574 1301 δ’
594 1234 738 1330 affixam
764 1237 868 1312 ποτε,
900 1236 1064 1320 ειιοισις,
1090 1237 1210 1316 πάντας

141 1342 210 1421 τοὺς
231 1354 313 1433 σφῶν
332 1345 508 1437 ςραπιῶτας
529 1341 577 1410 ἐπὶ
592 1350 638 1428 τῷ
653 1342 790 1434 Καίσαρι
806 1337 900 1425 εἶναι,
913 1344 989 1433 πρὸς
1008 1345 1062 1411 τὸν
1084 1332 1208 1438 Ᾰρίςιον

140 1449 295 1525 συνῆλθον·
329 1441 416 1518 οὐδὲν
447 1457 531 1542 κοινῇ
561 1451 677 1516 τούτων
707 1447 882 1539 πεπράχθαι
913 1440 1135 1534 διδάσκοντες,
1159 1450 1211 1517 καὶ

139 1551 404 1648 συλλαμόάνεσθαι
421 1556 540 1633 πάντας
559 1554 630 1633 τοὺς
650 1550 692 1622 τὰ
715 1558 864 1647 χρήματα
885 1555 1084 1647 ἁρπάσαντας
1107 1554 1214 1647 ἐψηφί-

140 1687 245 1730 σαντο·
265 1663 317 1730 καὶ
344 1661 386 1731 τὰ
410 1672 467 1730 τοῦ
493 1656 663 1730 Λιταόίκου
689 1687 741 1744 τε,
767 1661 819 1726 καὶ
843 1670 905 1728 τῶν
933 1660 1045 1729 ἐκείνου
1070 1655 1211 1755 ἀδελφῶν

140 1773 289 1861 χρηματα
312 1761 588 1861 δημοσιεόσαντες,
610 1761 750 1859 πρέσόεις
779 1765 866 1858 παρὰ
895 1769 948 1835 τὸν
974 1769 1138 1860 Καίσαρα,
1156 1780 1214 1837 τοῦ

141 1874 292 1969 καθαίρειν
321 1881 399 1967 σφᾶς
429 1879 533 1957 ἕνεκα,
555 1871 744 1964 ἐπίμψαντο·
770 1861 947 1956 τοῦτοδὲ,
970 1883 1027 1942 τοῦ
1051 1871 1213 1944 άναλαόεῖν

140 1985 228 2056 ἕνεκα
254 1983 324 2060 τοὺς
353 1990 435 2072 σφῶν
460 1982 655 2073 ςρατιόιτας,
675 1980 766 2072 μόνον
785 1978 917 2047 ἐποίουν·
936 1989 976 2074 τῇ
997 1981 1051 2071 μέν
1070 1980 1142 2076 γὰρ.
1156 1993 1214 2050 τοῦ

140 2089 367 2180 ἁμαρτήματος
389 2079 576 2169 συνειδήσει,
590 2084 642 2154 καὶ
659 2094 705 2173 τῷ
724 2094 787 2152 τῶν
809 2086 1024 2177 άρπασθέντων
1043 2090 1212 2181 χρημάτων

141 2188 243 2287 κέρδει
263 2191 337 2276 (ότι
355 2196 431 2288 πρὸς
449 2195 580 2274 πολλοὺς
599 2203 701 2261 ταῦτα
721 2186 797 2258 εἶναι
815 2185 936 2279 ἐδόκει)
950 2195 1214 2286 παρορμηθέντες,

140 2303 249 2370 ἔπειτα
265 2293 299 2368 δὲ
314 2300 366 2368 καὶ
383 2303 439 2374 την
458 2301 626 2394 μετέπειτα
639 2301 698 2368 ὑπὸ
717 2309 775 2366 τοῦ
789 2298 945 2391 Καίσαρος
963 2302 1107 2392 ἐσομένην
1122 2327 1215 2395 τιμω-

141 2407 225 2501 ρίαν,
248 2407 273 2474 εἰ
300 2410 348 2476 ἐπ’
378 2411 462 2495 αὐτῷ
489 2409 535 2474 ἔτι
553 2407 704 2500 γένοιντο,
727 2397 882 2488 δεδιότες,
905 2405 1054 2499 περὶτοῦ
1078 2411 1224 2501 πολέμου

138 2515 241 2609 λάθρα
254 2507 461 2582 ε’όουλεόοντο·
476 2510 598 2591 καὶτὰς
613 2509 708 2590 άλλας
723 2513 827 2591 πόλεις
841 2513 891 2579 ἐπὶ
899 2516 998 2580 ταυτὸ
1013 2522 1216 2607 παρεκαλοῦν-

141 2648 189 2690 το.
209 2604 239 2689 A
262 2619 366 2688 πάντα
395 2619 501 2712 καίπερ
530 2616 561 2686 εὖ
587 2610 675 2695 εἰδὼς
699 2624 715 2684 ὁ
739 2620 880 2710 Καῖσαρ,
902 2624 941 2696 ῶς
973 2612 1106 2694 ηδυνηθη
1133 2625 1215 2714 όμως

47 2784 49 2787 .
141 2729 333 2821 εὐμενέςατα
354 2733 418 2805 τοῖς
439 2724 556 2793 ἐκείνων
580 2718 742 2818 πρεσόεῦσι
765 2724 974 2816 προσηνέχθη,
989 2718 1043 2792 διὰ
1062 2728 1100 2793 τὸ
1120 2732 1215 2821 αὐτῇ

141 2844 228 2928 κοινῇ
250 2838 345 2929 βουλῇ
374 2842 476 2901 ταῦτα
505 2829 699 2924 πεπράχθαι,
724 2833 780 2897 οὐκ
806 2830 917 2923 ἐχθρῶς
942 2833 1017 2923 πρὸς
1041 2836 1098 2906 την
1125 2836 1214 2902 πόλιν
1299 2868 1306 2884 1

142 2933 331 3023 διακεῖσθαι,
353 2940 404 3006 καὶ
422 2930 509 3008 οὐδὲν
534 2936 629 3013 ἦττον
649 2929 702 3005 διὰ
723 2946 827 3003 ταῦτα
844 2940 923 3029 αὐτῇ
946 2940 1047 3017 εὔνους
1068 2933 1143 3005 εἶναι
1162 2944 1215 3008 λέ-

142 3074 218 3143 γων.
235 3047 299 3113 Καὶ
315 3056 417 3113 ταῦτα
436 3046 488 3137 μὲν
510 3044 629 3121 ἐκείνοις
645 3043 840 3135 ἀπεκρίνατο·
861 3043 955 3121 αὐτὸς
974 3037 1009 3110 δὲ
1028 3047 1074 3113 ἔτι
1093 3039 1216 3140 μείζονα

142 3166 201 3233 τῆς
223 3152 378 3231 Γαλατίας
394 3152 512 3219 ἔσεσθαι
525 3154 573 3219 ἐπ’
590 3150 681 3219 αὐτὸν
701 3148 815 3221 κίνησιν
829 3141 935 3232 εἰδὼς,
950 3142 1059 3229 δεδιὼς
1074 3156 1115 3244 μὴ
1136 3154 1216 3232 ποίη.

143 3262 232 3329 τοθεν
258 3263 322 3333 ,ὑπὸ
353 3268 460 3327 πασῶν
489 3266 549 3325 τῶν
578 3257 696 3325 πόλεων
724 3253 911 3339 κυκλωθείη,
932 3250 1127 3342 ἐῶουλεόετο,
1150 3271 1215 3339 πῶς

142 3370 203 3461 χρὴ
224 3369 277 3435 τὸν
299 3367 417 3459 ’ςρατὸν
441 3364 501 3431 άπὸ
522 3374 577 3441 τῆς
597 3356 765 3457 Γεργοόίας
786 3362 933 3455 άπάγειν,
947 3364 1000 3429 καὶ
1018 3368 1120 3460 πάσαν
1140 3372 1217 3458 όμοῦ

144 3478 203 3549 τὴν
227 3471 358 3566 ςρατιδιν
381 3462 565 3554 συναλίζων,
586 3468 636 3537 καὶ
664 3472 746 3547 ὅπως
768 3470 810 3560 μέι
836 3474 856 3543 ἡ
885 3471 981 3535 αὐτοῦ
1002 3470 1216 3565 ἀποχώρησις,

144 3574 234 3669 φόόῳ
265 3590 319 3657 τῆς
352 3588 414 3646 τῶν
445 3563 585 3645 Εδουέων
611 3574 793 3653 άποςάσεως
819 3584 987 3667 πεφυκυῖα,
1002 3577 1093 3669 ὁμοία
1120 3591 1217 3673 φυγῦς

143 3688 275 3782 γένοιτο.

200 3793 325 3861 XLIV.
349 3794 489 3858 Τοιαῦτα
517 3780 552 3857 δὲ
576 3782 614 3863 δὴ
641 3792 725 3875 αὐτῷ
750 3790 954 3880 ἐννοουμένῳ,
971 3792 1073 3864 πολλά
1093 3816 1140 3869 τις
1163 3803 1220 3860 τοῦ

145 3898 295 3991 κράτιςόν
310 3923 341 3965 τι
356 3890 557 3990 διαπράττειν
582 3894 676 3982 ἐφάνη
699 3895 831 3987 άφορμό·
848 3895 888 3973 εἰς
906 3897 959 3987 μὲν
982 3897 1040 3992 γὰρ
1057 3900 1094 3965 τὸ
1114 3902 1219 3991 μικρὸν

147 3996 435 4098 ςρατόπιδον,τοῦ
456 4006 492 4095 τὸ
520 4006 604 4096 ἔργον
632 3993 703 4071 ἰδεῖν
723 4003 828 4082 ἕνεκα,
849 4005 1106 4098 παραγενόμενος,
1125 4031 1221 4073 κατε-

147 4111 238 4187 νόησε
258 4112 295 4181 τθ
308 4112 368 4179 ὑπὸ
387 4108 622 4202 ,τῶνπολεμίων
637 4107 841 4199 κατεχόμενον
862 4109 948 4201 όρος,
970 4112 1043 4179 τότε
1062 4120 1224 4205 παντελῶς

205 4246 276 4315 III.
1016 4242 1064 4313 33
