3000 5025
306 525 383 598 230
518 530 547 595 J.
576 526 733 595 CELSI
762 522 1188 593 COMMENTARII'
1266 588 1269 595 .

305 659 421 730 laudat
430 670 446 750 ,⁸
462 676 496 729 et
517 663 607 730 viros
629 661 781 756 egrogios
798 684 861 755 pro
890 657 1049 753 qualitate
1070 657 1267 725 meritorum
1288 657 1389 727 donis

306 784 404 838 ornat
425 769 614 863 ingentibus
630 794 640 857 ;
662 766 904 861 confestimque
923 763 1116 852 discedens,
1134 763 1291 834 Reblium
1308 790 1390 861 pro·

306 873 478 946 'consulem
500 900 578 945 cum
600 874 726 970 aliquot
754 874 949 943 cohortibus
977 872 1020 941 ad
1044 874 1216 966 Tapsum,
1239 872 1323 961 ubi,
1352 887 1392 942 ut

305 982 475 1071 diximus,
496 982 665 1077 Vergilius
686 997 850 1079 preerat,
871 984 934 1051 Cn.
954 982 1143 1050 Domitium
1165 1004 1243 1048 cum
1262 980 1393 1076 aliquot

303 1088 374 1159 aliis
390 1088 433 1158 ad
452 1090 622 1179 Tisdram,
640 1090 699 1159 ubi
714 1089 893 1160 Considius
911 1102 999 1182 erat,
1018 1086 1235 1157 obsidendam
1250 1086 1391 1183 linquit3

303 1198 351 1265 Μ.
372 1197 564 1267 Messallam
582 1222 661 1267 cum
683 1198 834 1292 equitatu
851 1199 988 1267 Uticam
1008 1196 1195 1291 premittit:
1218 1197 1290 1290 ipse
1310 1220 1392 1265 cum

303 1306 450 1377 exercitu
477 1307 745 1400 quamprimum
768 1303 989 1398 subsequitur.
1010 1302 1135 1372 Milites
1157 1303 1285 1371 interea
1319 1305 1390 1373 Sci·

302 1412 431 1505 pionis,
453 1414 510 1505 qui
532 1436 646 1507 pugna
667 1424 867 1499 evaserant,
890 1411 1054 1506 fugientes
1075 1410 1211 1478 Uticam
1244 1434 1391 1501 versus,

301 1543 407 1611 quum
428 1518 572 1587 Pardam
592 1520 839 1615 pervenissent,
857 1542 926 1611 quo
946 1520 1038 1612 prius
1058 1518 1218 1591 Caesareae
1239 1519 1390 1587 victoriae

302 1622 392 1695 fama
410 1639 610 1720 pervenerat
629 1652 639 1714 3
661 1649 833 1721 quumque
855 1624 899 1693 ab
916 1624 1010 1693 urbis
1026 1621 1143 1691 incolis
1161 1622 1287 1693 exclusi
1304 1651 1388 1694 moe·

302 1732 401 1802 nibus
418 1731 549 1828 oppidi,
564 1731 645 1801 illud
660 1733 787 1801 viribus
804 1745 1068 1827 expugnassent,
1079 1729 1231 1798 nondum
1247 1746 1390 1826 propter

302 1838 537 1909 adversitatem
553 1839 733 1909 ferocitatis
747 1837 857 1927 obliti,
874 1840 1001 1933 ingenti
1012 1837 1180 1933 lignorum
1195 1852 1299 1925 strue,
1313 1839 1389 1909 foro

302 1945 425 2034 medio,
430 1964 552 2034 erecta,
559 1949 767 2042 aggestisque
779 1946 879 2014 rebus
885 1946 1039 2015 omnibus
1053 1943 1388 2039 incolarum,quaeas·

301 2055 430 2147 portari
450 2078 520 2122 non
538 2068 698 2148 possent,
721 2077 761 2123 ac
786 2053 1073 2151 superimpositis,
1094 2075 1257 2121 unacum
1277 2053 1387 2121 lromi·

301 2159 400 2228 nibus
422 2161 562 2255 oppidi,
584 2158 677 2229 nullo
697 2159 887 2228 discrimine
909 2160 1013 2228 aetatis
1037 2173 1098 2227 aut
1118 2182 1236 2246 sexus,
1268 2184 1387 2230 omnes

282 2278 401 2361 ¹atque
420 2268 534 2336 omnia
554 2266 681 2336 crudeli
701 2266 856 2336 incendio
871 2266 1142 2354 combusserunt,
1156 2279 1206 2353 et,
1223 2269 1321 2359 quasi
1338 2270 1386 2335 in·

301 2373 385 2468 signi
401 2372 548 2443 facinore
564 2385 769 2469 perpetrate,
779 2374 915 2443 Uticam
927 2371 1195 2467 proficiscuntur.
1215 2372 1315 2443 Illam
1326 2400 1386 2443 ur·

300 2477 378 2547 bem
400 2481 447 2548 M.
468 2483 555 2551 Cato
569 2495 650 2550 tunc
666 2479 820 2575 regebat,
839 2482 896 2575 qui
918 2482 1063 2576 propriis
1084 2479 1211 2549 viribus
1232 2479 1385 2570 diffisus,

300 2587 463 2657 inermem
485 2587 618 2682 plebem
640 2590 746 2657 muris
767 2587 959 2683 expulerat,
977 2603 1011 2656 et
1032 2603 1127 2656 extra
1142 2602 1276 2682 portam
1296 2588 1383 2658 vallo

299 2691 454 2790 fossaque
476 2709 509 2764 et
532 2694 727 2765 custodibus
740 2694 912 2782 adhibitis,
926 2694 1214 2784 circumcluserat;
1230 2711 1382 2765 senatum

227 2846 231 2862 ,
298 2823 381 2869 vero
402 2801 495 2871 urhis
517 2803 552 2870 in
574 2801 725 2872 custodia
746 2801 913 2871 inclusum
935 2801 1126 2872 detinebat:
1158 2805 1286 2896 equites
1314 2806 1383 2874 Sci·

298 2907 407 3000 pionis
422 2911 693 3003 supervenientes
705 2933 725 2976 a
739 2911 871 2978 Catone
887 2908 1012 2978 exclusi
1025 2910 1203 2979 Uticenses
1219 2911 1381 2998 invasere,

214 3111 215 3116 γ
298 3014 391 3105 quod
412 3039 468 3084 eos
491 3041 555 3112 pro
577 3018 708 3085 Caesare
729 3017 869 3088 sensisse
890 3030 1139 3112 cognoverant3
1156 3041 1301 3110 quorum
1324 3043 1378 3087 ex·

298 3119 387 3190 cidio
401 3146 470 3191 non
492 3121 632 3216 praeda,
661 3122 719 3192 sed
741 3121 812 3192 sola
830 3122 915 3194 ultio
935 3123 1168 3217 quaerebatur3
1190 3122 1237 3190 illi
1259 3125 1379 3218 quibus

297 3226 411 3298 audita
431 3229 570 3297 victoria
593 3231 733 3299 Caesaris
756 3230 884 3299 animos
906 3229 1053 3317 fecerat,
1076 3255 1112 3300 se
1134 3232 1220 3300 saxis
1241 3255 1281 3300 ac
1310 3233 1377 3301 fus·

296 3332 385 3404 tibus
403 3336 535 3432 egregie
553 3335 785 3407 defenderunt
804 3336 889 3405 Inde
904 3361 985 3432 ergo
1004 3337 1130 3432 repulsi
1144 3339 1288 3431 equites,
1303 3341 1378 3408 Uti·

296 3461 371 3508 cam
398 3457 476 3510 sunt
503 3444 667 3538 ingressi,
699 3441 889 3538 multosque
913 3445 1126 3514 Uticensium
1156 3445 1374 3533 occiderunt3

296 3550 493 3644 expugnatis
510 3565 609 3644 atque
626 3549 765 3646 direptis
780 3551 969 3620 occisorum
981 3551 1135 3620 domibus
1153 3551 1245 3621 abire
1262 3553 1374 3622 decre·

295 3661 432 3742 verant,
454 3657 574 3749 quibus
594 3657 680 3728 Cato
700 3655 814 3727 multis
832 3659 945 3728 verbis
963 3657 1164 3754 persuadere
1185 3659 1373 3744 nitebamr,

295 3774 334 3830 ut
355 3763 478 3857 rapinis
493 3787 533 3832 ac
552 3763 696 3834 caedibus
713 3763 816 3834 finem
830 3764 988 3836 facientes
1007 3791 1121 3836 secum
1143 3781 1374 3853 remanerent,

296 3868 525 3966 oppidumque
542 3869 782 3961 defenderent3
797 3897 906 3968 neque
927 3873 994 3942 hoc
1015 3872 1216 3968 persuadere
1235 3873 1306 3944 ullo
1318 3897 1372 3941 va·

292 3971 364 4044 lens
384 3978 518 4073 ingenio
528 3997 548 4067 ,·
559 3991 594 4048 et
611 3979 832 4070 intentionem
851 4003 970 4050 eorum
990 3979 1197 4076 intelligens,
1214 4005 1289 4076 quae
1303 3993 1372 4049 erat

294 4083 415 4176 praedae
432 4085 627 4175 intendere,
649 4111 718 4157 non
740 4089 878 4176 virtuti3
898 4082 1022 4178 (mira,
1042 4089 1226 4183 praesertim
1248 4090 1282 4156 in
1312 4088 1369 4156 ho·

296 4190 438 4264 minibus
465 4195 588 4281 vietis,
610 4189 771 4287 intentio)
796 4210 975 4267 uteorum
1005 4197 1267 4293 inopportunam
1296 4216 1369 4264 ara·
