3000 5025
220 468 1021 551 INTERPRESG'RAECU8.LIB.11.
1092 480 1167 579 373

108 635 153 677 τιν.
166 602 288 679 Εἰδέναι
303 604 338 679 δὲ
350 612 402 680 καί
413 616 442 708 γ’
457 615 571 703 ἔφασαν
585 614 614 680 οἱ
626 598 744 705 Ρῆμοι,
760 613 813 682 τὸν
826 614 950 681 πάντων
966 618 1067 683 αὐτῶν
1081 617 1168 709 άριθ-

107 718 170 806 μὸν,
183 720 276 809 πόσος
290 716 347 792 ε’ίη·
372 720 428 787 άτε
442 716 574 813 μὲνγὰρ
593 718 721 793 πλησίον
738 718 907 803 οἰκοῦντες,
921 723 1034 789 ὁπόσον
1053 726 1164 801 ἔκαςος

106 822 205 901 πλῆθος
218 826 246 891 ἐν
259 834 300 919 τῇ
315 835 398 919 κοινῇ
414 832 476 893 τῶν
490 829 611 921 Βελγῶν
627 817 767 915 συνόδῳ,
778 826 820 906 εἰς
834 837 945 894 τοῦτον
960 829 1014 895 τὸν
1029 830 1163 921 πόλεμον

104 930 260 1021 ὑπέσχετο,
274 932 576 1023 κατεμεμαθιίκεσαν·
587 933 640 999 καὶ
652 943 775 1025 πρῶτον
791 935 857 1025 μὲν,
866 935 939 1011 τοὺς
953 929 1165 1013 Βελλούακοὺς

105 1034 185 1128 ἀρετῇ
202 1062 236 1103 τε
256 1036 309 1105 καὶ
331 1031 626 1131 άξεώματι,άνδρῶν
648 1064 683 1106 τε
705 1039 814 1113 πλάθει
832 1038 957 1107 πάντων
980 1050 1042 1107 τῶν
1062 1038 1163 1108 ἄλλων

103 1145 211 1218 πλεῖςον
224 1135 384 1211 δύνασθαι·
400 1149 461 1223 ὥςε
476 1147 604 1224 τούτους
620 1137 696 1212 δέκα
706 1137 857 1238 μυριάδας
871 1150 1002 1239 ςρατιοῖς
1016 1138 1164 1215 δύνασθαι

103 1249 238 1341 παρέχειν·
250 1253 364 1319 τούτου
380 1242 415 1317 δὲ
428 1262 485 1321 τοῦ
494 1250 622 1344 ἀριθμοῦ
627 1302 637 1334 ,
647 1244 876 1345 ἑξακισμυρίους
888 1254 979 1345 μόνον
992 1247 1164 1341 ἐξαιρέτους

102 1344 199 1447 ἄνδρας
213 1356 417 1447 ὑποσχέσθαι,
426 1358 477 1425 καὶ
487 1356 612 1424 πάντων
625 1366 686 1425 τῶν
699 1354 801 1425 άλλων
813 1363 935 1454 Βελγῶν
948 1359 1163 1453 πολεμάρχους

102 1450 162 1525 εἶναι
171 1456 283 1539 ἀξιοῦν.
300 1466 430 1541 Τούτοις
443 1466 514 1541 τοὺς
529 1465 676 1547 Σένονας,
690 1464 821 1542 πλείςην
832 1490 868 1532 τε
880 1465 933 1532 καὶ
945 1466 1161 1560 γονιμωτάτην

101 1561 239 1647 οἰκοῦντας
253 1572 375 1662 χώραν,
385 1573 582 1663 προσχώρους
596 1564 681 1639 εἶναι·
697 1574 799 1637 αὐτῶν
812 1572 866 1659 μὲν
881 1571 933 1639 καὶ
947 1574 993 1662 ἐφ’
1005 1579 1092 1665 ἡμῶν
1107 1574 1161 1639 τὸν

26 1680 27 1683 ’
99 1665 276 1758 Διύιτιακὸν,
292 1667 392 1767 ἄνδρα
415 1675 516 1754 πάσης
539 1686 596 1753 τῆς
617 1675 774 1754 Γαλατίας
800 1668 1022 1745 δυνατώτατόν
1040 1704 1093 1761 τε,
1109 1678 1161 1745 καὶ

101 1786 146 1843 τοῦ
161 1780 285 1858 πλείςοο
301 1784 419 1860 ταύτης
435 1793 492 1862 τῆς
505 1784 625 1876 χώρας,
645 1782 747 1860 πάσης
771 1807 805 1848 τι
827 1794 883 1863 τῆς
903 1784 1092 1875 Βρηταννίας
1111 1787 1160 1878 ἐγ-

100 1895 182 1974 κρατῆ
196 1888 375 1981 γινόμενον,
391 1884 578 1957 ύασιλεῢσαι·
592 1899 643 1956 νῦν
666 1881 695 1954 δ’
710 1888 832 1983 ἔλεγον,
846 1893 896 1956 ότι
914 1883 1039 1967 Γάλύας
1058 1895 1159 1957 αὐτῶν

100 1981 245 2061 ίασιλεύοι·
261 1997 314 2062 καὶ
328 1993 418 2073 οὗτος
433 1987 487 2063 διά
501 2022 536 2062 τε
557 1999 614 2069 τὴν
638 2000 750 2063 ἑαυτοῦ
774 1986 963 2071 δικαιότητά
982 1996 1083 2063 τεκαὶ
1097 2021 1160 2061 σοι·

99 2101 228 2186 φροσύνην
248 2103 372 2196 ἡγεμὼν
386 2102 438 2169 καὶ
452 2103 609 2195 ςρατηγὸς
626 2103 750 2169 πάντων
766 2100 920 2195 εἰρημένος
937 2101 981 2175 εἴη
1002 2111 1064 2169 τῶν
1082 2106 1159 2169 Βελ-

98 2208 157 2292 χΐιν·
179 2205 228 2273 καὶ
251 2209 325 2286 τοὺς
341 2208 393 2300 μὶν
420 2206 616 2287 Σουεσσίονας
637 2210 767 2284 τούτους
788 2209 867 2299 ἔχειν
887 2201 1013 2276 δώδεκα
1030 2210 1133 2287 πολεις
1148 2258 1168 2293 ,>
1208 2256 1212 2263 -

98 2307 173 2377 πέντε
193 2303 227 2381 δὲ
250 2305 403 2407 μυριάδας
426 2318 567 2408 ςρατιᾶς·
590 2314 732 2392 καὶτοὺς
756 2308 1158 2409 Νερόίους,.άγριιοτάτους

99 2417 157 2507 παρ’
176 2423 278 2499 αὐτοῖς
299 2413 528 2514 νομιζομένους,
551 2422 602 2488 καὶ
629 2420 779 2514 ἐσχάτους
802 2421 927 2489 πάντων
950 2428 1014 2488 τῶν
1034 2425 1156 2518 Βελγῶν

99 2518 190 2607 ὄντας,
205 2525 286 2606 ἴσους
301 2529 500 2619 ὑποσχέσθαι·
516 2528 567 2596 καὶ
582 2530 654 2606 τοὺς
673 2528 726 2621 μὲν
741 2516 949 2619 Ᾱτρεύάτας,
964 2526 1086 2621 μυρίους
1106 2530 1158 2596 καὶ

98 2633 357 2726 πεντακισχιλίους·
383 2636 455 2714 τοὺς
477 2623 653 2727 Ᾰμύιανοὺς
680 2623 735 2716 δὲ,
751 2632 873 2726 μυρίους
899 2635 1001 2724 μόνον·
1020 2637 1093 2714 τούς
1120 2662 1157 2702 τε

98 2729 248 2826 Μορίνους,
264 2730 440 2834 δισμυρίους
458 2740 511 2807 καὶ
524 2737 800 2830 πεντακισχιλίους·
812 2738 864 2806 καὶ
878 2740 950 2817 τοὺς
964 2739 1156 2824 Μεναπίους,

98 2838 339 2938 ἑπτακισχιλίους·
355 2846 407 2914 καὶ
427 2849 499 2925 τοὺς
514 2843 824 2937 Καλῆτας,μυρίους·
847 2843 900 2912 καὶ
920 2848 1156 2929 Βελλοκασσεῒς,

98 2947 156 3023 τούς
172 2975 205 3018 τε
218 2945 456 3046 Βερομανδουεῖς
466 3005 476 3036 ,
488 2951 553 3019 ’ίσον
568 2951 704 3045 σἰριθμόν·
719 2953 791 3029 τούς
810 2977 844 3018 τε
858 2953 1082 3036 Κατουακοὺς,
1097 2979 1156 3045 μυ-

98 3046 163 3136 έῖθθς
179 3057 228 3124 καὶ
249 3058 497 3151 ἐννακισχιλίους·
512 3059 585 3137 τοὺς
600 3049 635 3124 δὲ
649 3048 883 3149 Κονδρούσους,
897 3057 949 3124 καὶ
968 3059 1039 3136 τοὺς
1052 3043 1155 3126 Εύου-

99 3155 189 3247 Ρθθας,
202 3164 253 3232 καὶ
266 3167 340 3243 τοὺς
355 3167 549 3259 Καιρησοὺς,
563 3163 614 3233 καὶ
636 3165 708 3242 τοὺς
727 3164 925 3257 Παιμανοθς,
941 3172 1062 3242 πάντας
1082 3167 1155 3258 Γερ-

97 3264 211 3352 μανούς,
225 3272 368 3366 λέγεσθαι
391 3272 431 3350 είς
452 3273 606 3364 τέτταρας
625 3261 776 3364 μυριάδας
790 3275 920 3364 ςρατιᾶς
933 3271 1111 3362 ύποχέσθαι.

140 3370 179 3440 V.
199 3361 228 3442 0
250 3376 306 3471 μὲν
331 3375 382 3446 οὖν
404 3380 527 3471 Καῖσαρ
542 3380 614 3456 τοὺς
628 3363 750 3470 δόμους
774 3378 1008 3470 παραθαρρύνας
1028 3402 1084 3463 τε,
1098 3379 1156 3445 Δκαὶ

96 3475 192 3558 αὐτοὺς
207 3484 521 3578 φιλοφρονησάμενος,
533 3484 636 3552 πᾶσάν
649 3509 686 3551 τε
700 3487 758 3558 τὴν
779 3487 880 3551 αὐτῶν
894 3484 1067 3579 σύγκλητον
1080 3485 1156 3577 πρὸς

97 3580 190 3652 ἑαυτὸν
198 3589 302 3675 ἐλθεῖν,
310 3591 361 3659 καὶ
370 3592 443 3671 τοὺς
453 3602 515 3659 τῶν
523 3581 1012 3683 δυνατωτάτωνπαῖδαςὸμύρους
1020 3587 1157 3684 άγεσθαι,

98 3687 187 3768 αὐτοῖς
196 3695 366 3792 ἐπήγγειλε·
377 3697 430 3765 καὶ
439 3701 545 3766 έκεῖνοι
557 3697 611 3788 μὲν
622 3697 728 3766 πάντα
741 3706 846 3766 ταῦτα
857 3698 1020 3789 προθύμως
1032 3699 1063 3764 ἐν
1079 3703 1157 3789 ῥητῇ

96 3792 181 3886 ’θμέρᾳ
196 3789 434 3880 ἐποιήσαντοῦ
453 3794 488 3870 δὲ
503 3807 625 3896 Καῖσαρ
646 3806 707 3900 τὸνΙ
718 3789 841 3872 Εδουέα
860 3797 1036 3872 Διύιτιακὸν
1056 3801 1158 3871 πολλὰ

97 3910 399 4005 παρακελευσάμενος,
409 3901 548 3996 ἐδίδαξε,
556 3911 653 3978 πόσού
662 3919 759 3978 τοῦτο
768 3911 845 4004 πρός
853 3934 889 3976 τε
898 3911 937 3978 τὸ
950 3912 1049 3978 κοινὸν
1062 3912 1160 4004 πρᾶγ.

97 4023 149 4087 θαι
167 4011 217 4078 καὶ
240 4019 296 4092 τὴν
325 4019 428 4091 κοινὴν
450 4017 576 4086 πάντων
600 4008 738 4110 διαφέροι
760 4015 932 4109 σωτηρίαν,
947 4018 985 4085 τὸ
1012 4018 1069 4090 τὴν
1097 4023 1158 4109 τῶν

97 4115 233 4205 πολεμίων
258 4130 343 4215 χεῖρα
366 4115 633 4219 διείργεσθαι,ἵνα
650 4126 693 4218 μὴ
711 4125 787 4216 πρὸς
805 4132 941 4214 τοσοῦτο
957 4122 1072 4202 πλῆθος
1095 4123 1160 4215 ἅμα
1193 4209 1196 4216 ¹

910 4242 977 4340 ια
1062 4251 1082 4298 ⁵
