3000 5025
307 489 376 533 non
523 464 552 529 J.
582 463 740 533 CELSI
769 463 1159 533 COMMENTARII

303 597 430 684 curari}
448 598 560 690 itaque
578 597 778 691 tempestiva
795 610 904 667 morte
922 593 1006 668 nihil
1024 594 1163 672 melius:
1180 595 1239 667 sed
1256 597 1299 666 de
1320 598 1387 669 hac

302 717 429 797 postea.
447 705 547 773 Nunc
565 718 717 773 revertor
737 702 781 771 ad
801 706 978 776 Caesarem.

357 811 473 896 Parte,
484 824 523 879 ut
530 810 659 881 dictum
670 825 738 898 est,
750 811 1019 903 victoria,qunm
1026 823 1063 880 et
1071 811 1185 879 Cesar
1192 824 1303 881 castra
1312 810 1390 881 bos·

302 917 388 985 tium
405 920 562 1011 cepisset,
575 933 610 991 et
618 919 814 1012 Pompeiani
829 916 1134 1011 aliquiinmontem
1149 918 1265 988 castris
1277 921 1389 1011 proxi-

303 1048 396 1091 mum
406 1023 777 1119 effugissent,studi0se
785 1026 856 1119 egit
863 1026 942 1093 cum
953 1021 1129 1111 militibus,
1139 1024 1386 1119 neinpraedam

301 1132 438 1217 intenti,
454 1130 663 1227 tempuslabi
677 1134 917 1226 sinereut,quo
933 1129 1042 1224 major
1054 1129 1280 1225 negligeretur
1290 1156 1386 1203 occa·

302 1238 367 1320 sio,
380 1237 472 1331 quod
491 1262 596 1331 quum
610 1238 827 1327 obtinuisset,
844 1252 994 1309 montem
1009 1236 1261 1313 circumvallare
1276 1234 1386 1334 dispo—

302 1345 368 1413 suit
390 1368 397 1411 :
421 1344 533 1415 hostes
561 1347 691 1433 monti,
716 1345 811 1439 quod
835 1346 1015 1439 inaquosus
1048 1358 1139 1431 erat,
1173 1342 1386 1433 diffidentes,

302 1450 428 1520 obiere:
441 1451 534 1545 quod
542 1454 654 1527 Caesar
661 1452 860 1548 intelligens,
871 1451 1033 1524 trifariam
1042 1452 1183 1546 partitus
1192 1465 1244 1521 est
1254 1454 1386 1547 copias,

301 1570 340 1625 ut
354 1582 432 1651 pars
450 1560 484 1627 in
501 1561 586 1647 suis,
600 1584 679 1655 pors
694 1562 728 1629 in
743 1560 895 1655 Pompeii
912 1559 1028 1631 cestris
1042 1557 1086 1630 ad
1097 1558 1286 1629 custodiam
1303 1562 1384 1629 resi·

301 1663 412 1754 deret,
424 1688 502 1760 pars
515 1666 699 1762 expeditior
713 1692 828 1737 secum
841 1668 906 1735 iret
916 1665 961 1736 ad
974 1665 1088 1738 hostes
1102 1666 1354 1760 prosequendds
1374 1692 1382 1735 :

301 1796 386 1867 quos
395 1798 501 1866 quum
511 1798 580 1843 non
589 1773 691 1868 lungo
704 1774 878 1845 discursus
887 1774 996 1868 spatio
1007 1797 1113 1868 prope
1121 1788 1272 1861 esset,ut
1283 1776 1384 1846 attin·

301 1892 413 1972 geret,
426 1878 473 1949 illi
488 1880 524 1953 in
541 1895 691 1951 montem
708 1880 812 1953 alium
824 1879 1111 1967 conscenderunt,
1124 1881 1219 1974 cujus
1233 1880 1279 1948 ad
1293 1880 1382 1949 radi-

302 2008 375 2055 cem
391 1985 513 2057 fluvius
530 1984 714 2055 labebatur.
734 1990 847 2058 Cesar
857 1984 923 2058 illic
938 2011 996 2057 eos
1007 1986 1156 2075 obsedit,
1166 2012 1208 2056 ac
1221 1986 1385 2060 militibus

298 2094 453 2185 quumvis
472 2092 595 2165 diurno
614 2093 728 2163 labore
750 2096 913 2189 fatigatis,
929 2108 963 2167 et
980 2092 1140 2165 lassitudo
1158 2096 1329 2187 requiem,
1348 2107 1386 2163 et

299 2220 368 2267 nox
384 2200 536 2293 pmuiraa
551 2200 727 2288 suaderet,
740 2203 907 2296 persuasit
920 2215 1105 2286 umerum
1124 2202 1244 2294 quietis
1263 2203 1384 2271 imme·

300 2328 425 2393 mores,
440 2330 568 2375 novum
584 2308 791 2401 susciperent
802 2306 966 2394 laborem,
978 2321 1015 2377 et
1027 2307 1266 2378 munitionibus
1278 2309 1385 2378 inter·

297 2411 394 2503 jectis
412 2412 538 2483 llumen
558 2438 578 2481 o
600 2428 715 2485 monte
737 2429 966 2502 secernerent,
984 2439 1052 2509 quo
1073 2428 1241 2484 noemma
1260 2412 1386 2486 clausis

298 2520 536 2614 preripereuur
547 2524 683 2616 aquatio
697 2548 704 2590 :
721 2522 812 2616 qnod
825 2548 904 2592 cum
915 2522 1042 2595 factum
1052 2535 1157 2610 esset,
1168 2523 1276 2590 territi
1289 2520 1385 2592 dedi·

300 2625 426 2697 tionem
438 2651 499 2721 per
512 2630 648 2698 nuntios
662 2631 806 2722 petiere,
816 2628 984 2723 aliquibus
997 2629 1154 2700 senatorii
1164 2627 1386 2724 ordinisiuga

300 2749 362 2826 pei·
386 2748 520 2804 noctem
546 2733 632 2804 clam
650 2735 803 2830 delapsis.
828 2735 988 2807 Diluculo
1005 2735 1107 2830 igitur
1130 2737 1243 2806 Cesar
1266 2735 1383 2806 hostes

300 2862 320 2906 e
343 2856 458 2910 monte
476 2841 701 2930 descendere,
719 2858 822 2937 atqroe
842 2842 887 2911 ad
904 2857 1030 2911 terram
1048 2865 1167 2911 omnes
1187 2865 1282 2912 arma
1300 2867 1383 2935 pro·

297 2944 401 3036 jicere
415 2972 524 3041 quum
539 2948 707 3040 jussisset,
729 2949 850 3045 cupide
873 2949 1141 3044 obtemperatum
1156 2962 1211 3020 est
1227 2974 1237 3036 3
1258 2950 1381 3022 tensis·

299 3075 365 3143 que
386 3053 430 3124 ad
449 3078 527 3124 eum
544 3054 682 3148 palmis,
699 3057 802 3127 albati
821 3070 857 3124 et
876 3070 1049 3150 gementes
1068 3056 1202 3127 veniam
1223 3057 1352 3149 petiere
1371 3081 1379 3124 ε

297 3155 407 3248 jussos
426 3151 599 3255 assurgere
620 3162 769 3257 niliilque
788 3177 957 3249 mettere,
974 3161 1098 3232 dimisit
1118 3160 1326 3250 incolumes,
1343 3176 1384 3233 ut

298 3289 369 3334 non
391 3267 493 3340 medo
510 3269 544 3336 in
564 3293 733 3364 corpore,
757 3269 815 3338 sed
840 3293 950 3362 neque
976 3266 1044 3337 ulla
1067 3269 1103 3339 iu
1126 3293 1162 3336 re
1177 3267 1383 3347 ¹detrimenti

300 3369 423 3467 aliquid
438 3389 649 3470 paterentur:
663 3379 775 3446 uetitis
785 3375 947 3445 uelitibus
956 3389 1020 3444 aut
1029 3398 1236 3468 quemquam
1248 3372 1381 3463 laedere,

221 3467 223 3474 ¹
299 3492 358 3546 aut
367 3479 506 3554 illenim
521 3482 705 3577 quidquam
721 3483 858 3553 omnino
867 3483 1109 3577 concupiscere
1125 3507 1132 3547 ε
1151 3480 1305 3576 prefecto
1319 3479 1379 3552 ali-

300 3586 381 3678 quid
408 3589 495 3658 inter
519 3588 633 3678 burte,
654 3589 927 3684 uansbuganique
944 3589 1019 3682 ejus
1045 3589 1256 3676 Labienum,
1273 3589 1378 3661 inter-

299 3691 418 3782 fuisse,
429 3694 537 3766 facilis
547 3694 892 3791 proptereauscretio
898 3710 963 3768 est
973 3698 1087 3768 cesar
1094 3693 1282 3766 lassitudini
1291 3693 1378 3762 mili-

300 3811 371 3870 tiua
382 3819 590 3896 curpassus,
601 3827 668 3872 sue
679 3799 940 3898 vmoriegligens
951 3801 1377 3897 quietis,legionesqnaese·

300 3929 377 3976 cara
401 3907 558 3996 dieram,
575 3908 619 3980 nd
638 3924 749 3980 emus
770 3912 916 4004 penu
933 3909 1038 3983 millia
1057 3933 1219 4004 pessuma
1241 3933 1262 3976 a
1281 3920 1376 4003 tergo

299 4012 459 4103 uberent,
474 4015 587 4086 redire
605 4019 776 4112 precipit,
792 4033 837 4090 ut
851 4020 1025 4112 quiescant
1043 4041 1052 4083 :
1069 4041 1130 4087 eas
1147 4039 1229 4096 vero
1248 4039 1325 4110 quae
1342 4016 1377 4089 iu

299 4123 415 4192 cestris
435 4138 688 4213 remanserunt,
710 4124 754 4198 nd
770 4150 811 4198 se
826 4127 941 4201 venue
963 4125 1125 4219 imperat,
1142 4137 1182 4192 ut
1197 4121 1374 4194 laborent:
