3000 5025
333 479 403 551 nn
430 480 556 551 vira
582 479 728 550 turin
757 480 1005 553 cestius.
1149 509 1195 583 77
1285 462 1295 473 ’

25 624 27 639 ¹
125 610 304 702 dissolutis,
326 639 368 683 ex
385 638 424 683 ea
445 616 588 683 materia·
602 613 682 683 alias
709 615 820 700 refici,
842 630 877 685 et
897 616 988 711 quod
1016 614 1132 687 deerat
1156 644 1198 689 er
1298 606 1306 624 ’

125 720 236 791 Galliis
258 722 404 791 convehi
429 721 594 790 faciebat:
618 721 717 819 idque
735 735 828 791 tanta
847 721 941 792 ducis
959 721 1199 813 sollicitudine,

126 842 216 919 tanto
232 828 392 897 -militum
422 827 531 897 studio
554 818 688 923 ⁴gestum
710 842 782 917 est,
806 843 865 917 ut,
887 854 928 898 ex
949 830 1105 899 omnibus
1129 856 1199 901 non

126 934 264 1029 amplius
286 958 388 1029 quam
410 934 586 1005 duodecim
614 937 648 1003 in
678 948 787 1004 totum
815 934 970 1030 perditis,
997 935 1131 1031 reliquae
1156 938 1199 1005 ad

25 1102 27 1145 ὲ
126 1042 301 1137 navigandi
323 1066 423 1111 usum
442 1043 659 1135 reparatam
681 1042 837 1111 anchoris
856 1056 992 1111 starent
1011 1044 1083 1130 Sic,
1103 1047 1198 1137 quasi

25 1146 27 1193 t
127 1149 251 1217 reddita
263 1149 488 1235 vita,anim0s
500 1146 642 1217 militurn
654 1148 921 1242 providentiasui
933 1147 1198 1219 duciserexerat.

127 1255 197 1323 Ibat
214 1254 347 1324 assidue
369 1254 609 1324 frumentatum
625 1246 702 1348 pars
723 1257 904 1339 exercitus3
923 1256 1128 1350 contigitque
1145 1256 1199 1325 die

126 1362 287 1455 quodam,
305 1375 363 1445 ut,
386 1360 514 1455 legione
534 1361 673 1454 septima
692 1361 735 1429 ad
757 1360 790 1429 id
812 1363 922 1455 ipsum
943 1360 986 1431 de
1006 1386 1100 1431 more
1121 1388 1198 1457 pro·

127 1468 225 1557 fecta,
244 1468 400 1556 barbari,
424 1469 482 1561 qui
507 1492 547 1536 eo
578 1482 756 1537 venturam
784 1492 825 1536 ex
852 1468 970 1536 ordine
993 1471 1199 1563 cogitarent,

126 1575 211 1668 qnod
230 1573 395 1667 jamaliis
415 1576 449 1642 in
471 1574 621 1669 partibus
640 1574 776 1642 inventa
797 1571 966 1643 frumenta
984 1575 1199 1668 praecedenti·

126 1681 183 1751 bus
200 1681 320 1752 diebus
341 1679 569 1767 abstulissent,
585 1682 759 1750 nocturnis
772 1703 846 1748 earn
864 1680 1135 1774 prestolarentur
1150 1684 1198 1752 iu·

124 1788 210 1857 sidiis
226 1817 234 1856 :
253 1812 358 1882 quum
370 1775 482 1856 tamen
499 1786 590 1855 nulla
604 1788 748 1882 suspicio
766 1784 844 1855 belli
860 1800 963 1872 esset,
980 1786 1039 1855 sed
1048 1787 1200 1857 ruricolae

29 1898 32 1907 '
125 1897 245 1989 passim
268 1897 359 1982 etin
380 1896 468 1989 agris
490 1909 710 1989 vagarentur,
733 1908 767 1961 et
795 1894 943 1962 romanis
967 1893 1004 1960 in
1024 1893 1142 1963 castris
1162 1892 1200 1961 li·

125 2000 199 2069 bere
219 2015 454 2088 versarentur,
471 1999 600 2095 legione
622 2014 733 2069 autern
753 2014 949 2095 conspecta,
969 2024 988 2067 e
1011 1998 1102 2068 silvis
1124 2024 1201 2068 enu-

126 2122 408 2202 perant,eamque
416 2110 508 2202 equis
518 2122 552 2175 et
565 2107 737 2178 essedariis
746 2098 1200 2201 circumdederant‚(quibus
1286 2158 1289 2164 ,

126 2239 163 2284 eo
183 2228 337 2311 tempore
351 2218 407 2284 ¹sic
428 2215 627 2302 utebantur,
645 2229 684 2283 ut
704 2229 738 2283 et
759 2213 927 2283 levitatem
946 2215 1096 2309 equitum
1115 2238 1199 2307 prae·

126 2337 248 2391 starent
270 2336 305 2391 et
325 2322 475 2417 peditum
497 2314 724 2411 firmitatem.)
754 2323 799 2389 Et
821 2321 891 2414 jam
925 2318 1012 2414 legio
1036 2321 1200 2415 impetum
1301 2398 1304 2403 ¹

125 2453 368 2524 numerumque
388 2428 534 2497 hostiurn
556 2430 718 2511 sustinere
740 2428 797 2496 vix
818 2440 972 2523 poterat,
995 2450 1099 2523 quum
1127 2451 1200 2496 cas·

125 2551 251 2606 trorum
280 2535 435 2606 custodes
461 2539 628 2606 Caesarem
659 2537 833 2605 certiorem
863 2533 991 2604 faciunt
1025 2532 1199 2627 pulverem

126 2642 218 2713 solito
240 2644 404 2736 majorem
424 2642 467 2710 ab
488 2666 544 2730 ea,
560 2665 627 2736 quo
643 2641 730 2737 legio
742 2640 893 2735 profecta
906 2653 994 2727 erat,
1009 2654 1104 2735 parte
1119 2665 1198 2712 con·

131 2774 258 2846 surgere
276 2775 283 2818 :
305 2751 417 2819 statim
434 2749 525 2844 quod
543 2763 615 2818 erat
627 2749 769 2844 augurio
781 2747 883 2816 animi
898 2745 1134 2841 apprehendit,
1147 2771 1200 2814 ar·

25 2895 27 2914 ι
131 2861 293 2952 raptisque
313 2857 414 2926 armis
437 2855 503 2924 illic
525 2879 729 2951 properans,
752 2879 831 2924 cum
851 2867 947 2949 parte
968 2852 1131 2922 exercitus
1149 2854 1199 2921 in-

131 2967 214 3035 venit
224 2964 391 3060 legionem
402 2964 436 3032 in
447 2962 572 3032 ultimis
583 2962 800 3031 laborantem.
813 2961 892 3032 Non
903 2959 967 3029 fuit
975 2983 1060 3055 opus
1068 2957 1199 3054 praelio:

25 3143 27 3154 ,
130 3071 193 3142 sola
214 3073 357 3142 Caesaris
378 3072 553 3164 praesentia
574 3071 640 3139 suis
671 3084 818 3157 metum,
842 3067 993 3137 hostibus
1023 3067 1200 3136 victoriam

25 3159 27 3218 l
130 3181 254 3274 eripuit.
273 3181 351 3247 Sive
371 3191 482 3246 autem
501 3177 585 3245 hora
599 3179 702 3246 serior
720 3176 802 3264 diei,
821 3177 890 3244 sive
909 3172 979 3244 aliae
997 3199 1074 3242 eum
1093 3171 1200 3243 causas

130 3299 324 3374 tenuerunt,
355 3309 431 3356 suos
464 3282 620 3353 liberasse
650 3282 801 3378 periculo
832 3293 1037 3367 contentus,
1068 3281 1200 3347 intactis

129 3391 275 3463 hostibus
297 3405 407 3462 castra
428 3392 567 3486 repetiit.
593 3391 756 3458 Proximis
787 3387 903 3458 diebus
934 3401 1035 3456 tantae
1063 3385 1201 3454 fuerunt

25 3495 27 3524 '
128 3512 338 3596 tempestates
351 3513 389 3566 ut
398 3499 568 3567 Romanos
583 3486 644 3566 sub
658 3497 823 3583 tentoriis,
834 3496 1011 3564 Britannos
1022 3495 1057 3560 in
1068 3491 1200 3585 oppidis

129 3605 321 3677 detinerent.
345 3608 424 3674 Post
442 3606 513 3674 haec
535 3627 603 3672 non
624 3602 822 3673 destiterunt
844 3602 958 3671 hostes
987 3623 1047 3694 per
1072 3597 1199 3691 legatos

129 3713 167 3782 ad
180 3713 307 3782 bellum
323 3726 428 3782 totam
447 3709 589 3780 insulam
612 3711 795 3798 concitare,
813 3723 847 3777 et
866 3711 1099 3777 Romanorum
1115 3727 1199 3798 pau·

130 3820 259 3890 citatem
283 3833 317 3886 et
335 3817 456 3912 praedae
485 3815 748 3910 magnitudinem
770 3813 969 3908 divulgare:
994 3813 1131 3905 insuper
1166 3826 1200 3880 et

130 3925 271 3996 oblatam
288 3923 433 4012 coelitus,
443 3939 476 3994 et
482 3925 617 3992 minime
624 3920 846 4018 respuendam
857 3933 1028 4016 perpetuae
1040 3915 1201 3986 libertatis

130 4036 362 4104 occasionem:
381 4056 524 4126 quorum
538 4053 642 4125 quum
660 4029 762 4120 fidem
780 4026 949 4123 publicam
958 4026 1136 4095 invenisset
1149 4047 1199 4092 as-

131 4142 244 4236 sertio,
258 4140 410 4236 equitum
420 4153 454 4208 et
467 4137 617 4234 peditum
629 4136 729 4210 turba
745 4137 863 4230 ingens
880 4132 926 4207 ad
941 4155 1082 4204 romana
1093 4144 1203 4202 castra
