3000 5025
234 509 237 515 ·
311 466 386 543 ΜΒ
517 468 547 536 J.
577 459 1167 537 CELSICOMMENTARII

306 600 469 675 ditoribus
484 598 610 687 faetus,
623 595 750 667 belluas
769 598 974 690 inexpertas,
993 606 1029 661 et
1044 606 1176 661 tautum
1188 589 1309 680 asilva
1326 615 1388 661 ve·

293 712 454 797 mentes,
475 706 596 777 avertit
617 718 709 774 retro
730 705 766 771 in
783 726 884 791 suos3
912 713 1026 769 secuta
1054 712 1106 768 est
1127 697 1207 793 biga
1231 700 1388 792 equitum

305 820 522 899 Maurorum
536 812 719 906 eodemque
740 812 868 905 impetu
885 818 1088 902 occupatum
1108 803 1234 873 vallum
1255 807 1389 900 Scipio·

306 925 357 993 nis
378 946 439 1017 per
466 920 697 1003 Caesarianos,
728 915 923 986 custodibus
952 912 1134 983 interfectis
1157 926 1217 981 aut
1237 911 1389 1006 fligatis3

306 1043 340 1100 et
357 1030 428 1123 jam
448 1028 553 1122 copiis
570 1027 641 1120 ejus
659 1039 729 1120 per·
739 1045 877 1118 campos
895 1020 1011 1091 effusis
1031 1042 1071 1089 ac
1091 1017 1243 1113 dejectis,
1256 1017 1392 1113 fugam-

305 1160 370 1232 que
383 1133 588 1231 petentibus,
597 1134 757 1201 Caesareae
767 1129 914 1224 legiones
925 1128 1084 1197 insecutae
1094 1123 1177 1195 nibil
1186 1124 1391 1213 laxamenti,

305 1241 501 1334 nullumque
530 1237 715 1333 respirandi
737 1238 880 1332 spatium
908 1233 1081 1303 dederunt.
1107 1231 1161 1301 Illi
1189 1230 1253 1300 aliu
1273 1245 1390 1301 castra

304 1364 481 1447 petentes,
504 1360 543 1414 ut
569 1346 617 1413 ibi
639 1368 673 1413 se
699 1343 859 1438 reparatis
890 1342 1007 1411 animis
1036 1353 1230 1428 tuerentur,
1252 1337 1390 1408 nullum

304 1455 372 1525 ilb'c
388 1451 442 1523 vel
463 1451 584 1521 ducem
603 1450 656 1519 vel
675 1449 865 1546 praesidium
890 1447 1055 1517 viderunt
1086 1450 1162 1516 Jam
1184 1445 1392 1515 defensionis

307 1587 366 1657 spe
387 1560 527 1646 amissa,
547 1580 640 1627 arma
663 1579 785 1653 magna
803 1568 957 1651 exparte
975 1554 1176 1654 projiciunt,
1194 1568 1235 1621 ut
1250 1552 1391 1647 expedi-

305 1670 406 1737 tiores
435 1665 478 1734 ad
503 1679 612 1735 castra
636 1665 722 1758 regis
744 1662 946 1749 evaderent3
971 1686 1038 1756 quo
1066 1684 1170 1754 quum
1196 1660 1392 1747 venissent,

306 1798 347 1844 ea
364 1796 514 1869 quoque,
532 1771 649 1866 fugato
670 1794 769 1865 rege,
788 1794 808 1837 a
825 1768 1022 1838 Caesarianis
1039 1781 1139 1861 capta
1158 1767 1391 1862 conspiciunt,
1451 1834 1459 1845 ,

306 1895 381 1951 tum
403 1878 555 1975 deposita
576 1902 634 1972 spe
658 1874 794 1963 salutis,
812 1874 991 1970 quemdam
1010 1875 1046 1941 in
1067 1872 1180 1942 locum
1200 1873 1331 1942 editum
1356 1898 1392 1943 se

307 1988 492 2083 recipiunt,
514 1997 614 2078 atque
638 1982 716 2052 inde
736 1979 970 2051 sumnonem
993 1980 1192 2067 militarem,
1215 2004 1392 2049 armorum

307 2118 382 2190 quie
395 2104 591 2189 supererant
605 2102 717 2177 motu,
727 2088 871 2175 faciunt3
882 2086 974 2182 quod
989 2086 1141 2183 petendae
1154 2086 1393 2158 misericordiae

308 2202 441 2294 signum
472 2209 572 2265 erat:
596 2194 654 2265 sed
675 2193 759 2263 nihil
789 2195 836 2264 eis
857 2193 1008 2290 proluit,
1036 2192 1195 2263 militibus
1221 2196 1393 2264 veteranis

309 2308 360 2375 ira
376 2319 410 2373 et
428 2302 543 2373 dolore
565 2302 797 2389 inflammatis,
817 2315 851 2369 et
878 2302 913 2369 in
937 2300 1062 2370 caedem
1080 2300 1255 2370 obstinatis
1274 2324 1317 2371 ac
1338 2325 1392 2369 ra·

310 2411 421 2498 hidis,
444 2434 514 2479 non
540 2408 642 2478 modo
663 2406 858 2503 persuaderi
883 2422 922 2475 ut
943 2407 1095 2476 hostibus
1113 2421 1300 2502 ,parcerent
1320 2432 1392 2477 non

311 2519 438 2616 potuit,
460 2516 519 2586 sed
541 2515 667 2610 aliquot
684 2517 786 2584 etiam
807 2513 951 2584 illustres
975 2517 1067 2584 viros
1088 2515 1130 2584 de
1151 2539 1295 2585 numero
1314 2541 1392 2585 suo·

312 2649 404 2713 rum,
415 2621 507 2720 quod
525 2647 587 2719 pro
604 2623 732 2692 miseris
744 2621 951 2691 intercedere
961 2622 1033 2690 ausi
1048 2619 1192 2707 fuerant,
1211 2621 1393 2692 fraenantes

312 2734 496 2828 impeturn,
525 2731 615 2798 etin
642 2730 732 2797 cives
760 2729 897 2797 minime
919 2727 1122 2798 saeviendum
1147 2728 1395 2818 admouentes,

313 2861 415 2934 quam
426 2836 585 2906 virtutem
603 2834 681 2902 duci
698 2859 761 2903 suo
777 2848 901 2902 norant
916 2858 987 2904 esse
1003 2835 1242 2929 gratissimam,
1257 2834 1394 2906 inflictis

313 2941 508 3014 vulneribus
526 2939 742 3010 occiderunt:
759 2941 794 3008 iu
812 2940 932 3034 quibus
953 2939 1017 3010 fuit
1037 2940 1147 3010 Rufus
1164 2941 1394 3030 Quaestorius,

246 3047 248 3052 ’
315 3050 373 3145 qui
385 3073 406 3117 a
418 3045 521 3117 milite
534 3045 652 3140 jaculo
668 3045 828 3139 trajectus
841 3047 1054 3135 interiit3nec
1071 3072 1140 3116 uon
1158 3061 1193 3116 et
1213 3050 1395 3143 Pompeius

293 3209 296 3214 -
316 3154 426 3226 Rufus
456 3152 631 3222 brachium
659 3151 770 3247 gladio
801 3176 978 3246 percussus
999 3152 1238 3239 occidebatur,
1261 3156 1327 3224 m'si
1349 3153 1393 3224 ad

316 3263 484 3332 Gaesarem
505 3256 728 3352 confugisset3
756 3271 869 3326 tantus
892 3249 1032 3353 tamque
1047 3259 1229 3330 indomitus
1248 3259 1393 3331 militum

315 3367 611 3453 ardorerat,tauta
619 3364 830 3435 exmemoria
837 3377 1007 3457 gestarum
1016 3389 1129 3435 rerum
1138 3365 1343 3436 confidentia
1352 3391 1393 3436 ac

318 3472 480 3570 peccandi
498 3469 648 3558 licentio,
659 3483 753 3538 tanta
767 3494 809 3539 ex
821 3469 900 3539 odio
917 3472 1139 3542 resistentium
1160 3476 1290 3543 cruoris
1307 3476 1395 3563 sitis,

318 3594 359 3650 ut
373 3577 470 3650 multi
483 3575 636 3672 exemplo
650 3576 775 3664 territi,
789 3590 958 3647 senatores
969 3591 1004 3648 et
1018 3579 1148 3648 romani
1164 3581 1291 3674 equites
1308 3605 1394 3651 cam·

318 3687 371 3782 pis
389 3683 607 3771 excederent,
627 3705 669 3751 ue
690 3683 725 3751 iu
747 3681 855 3753 simile
879 3683 1058 3754 discrimen
1086 3685 1279 3756 inciderent
1302 3688 1393 3776 Quin

318 3793 441 3888 etipse
459 3791 573 3862 Caesar
593 3813 657 3883 pro
682 3789 812 3859 miseris
830 3791 1033 3878 intercessit,
1055 3815 1223 3886 agmsque
1242 3817 1313 3861 non
1329 3816 1394 3886 pro

320 3899 479 3994 imperio,
502 3894 560 3966 sed
576 3895 691 3966 amicis
710 3895 865 3990 precibus
883 3921 926 3966 ue
943 3899 1108 3992 perirent,
1127 3896 1208 3968 nibil
1228 3899 1392 3968 obtinuit:

270 4073 273 4080 ,
321 4003 365 4074 ad
387 4028 493 4074 unum
512 4000 702 4096 inexpiabili
720 4001 800 4072 odio
818 4005 893 4073 caesi
910 4027 1036 4074 omnes.
1054 4006 1119 4074 Hic
1134 4004 1301 4075 'bellorum
1318 4005 1397 4073 civi·

319 4106 403 4184 lium
424 4109 562 4182 fructus·
576 4122 649 4180 erat
668 4135 677 4180 ι
697 4109 778 4180 binc
791 4107 995 4210 crudelitas,
1013 4109 1104 4184 illinc
1124 4135 1227 4184 mors.
1248 4113 1325 4184 Non
1343 4121 1398 4179 est
