3000 5025
308 514 384 602 408
479 522 481 527 ’
573 570 576 590 .
603 514 643 581 C.
672 512 816 582 JULII
843 510 1084 581 CAESARIS

306 658 346 729 ῶς
368 650 480 732 εἰπεῖν,
495 636 636 744 μεγέθους
658 638 772 739 ἄνδρας
786 648 921 741 παρέχει·
937 644 1098 736 εἰθισμένοι
1115 671 1151 712 τε
1167 646 1243 739 πρὸς
1256 647 1374 724 τούτοις

306 756 363 823 εἰσὶ
385 756 435 823 καὶ
460 760 574 832 ἐντοῖς
597 752 806 848 ψυχροτάτοις
825 754 932 831 τόποις
956 743 1044 820 οὐδὲν
1069 748 1263 837 άλλο,’πλὴν
1285 754 1373 844 μόνον

307 857 439 955 ύύρσας,
454 855 572 949 ἔνδυμα
585 864 707 953 ἔχοντες
726 852 930 955 διαγενέσθαι·
946 856 986 925 ὧν
1006 850 1062 926 διθι
1074 861 1131 933 τὴν
1147 859 1320 952 μικρότητα
1337 860 1373 926 τὸ

306 976 431 1047 πλεῖςον
454 972 543 1061 μέρος
564 977 622 1035 τοῦ
650 971 794 1060 σώματος
814 968 927 1062 γυμνὸν
946 968 1058 1057 έχουσι·
1081 964 1134 1033 καὶ
1156 968 1302 1034 λούονται
1322 966 1373 1058 μὲν

304 1078 333 1142 ἐν
349 1083 413 1155 τοῖς
426 1081 589 1169 ποταμοῖς·

358 1184 403 1250 ll.
426 1184 454 1247 Τ
456 1183 505 1260 οὺς
530 1173 560 1247 δ’
575 1180 741 1274 ἐμπόρους,
761 1183 877 1272 μαλλον
897 1180 947 1247 ίνα
968 1176 988 1245 ἂ
1006 1181 1036 1245 ἐν
1053 1187 1100 1265 τῷ
1114 1179 1244 1271 πολέμῳ
1260 1176 1377 1269 εἰλύραε

307 1316 365 1369 σιν,
381 1285 424 1366 οίς
439 1294 581 1355 πωλῶσιν
597 1289 704 1379 ἔχωσι,
721 1285 739 1360 ἢ
754 1288 804 1352 ἵνα
822 1286 853 1351 τὶ
867 1290 986 1362 ἑαυτοῖς
1001 1285 1175 1378 εἰσάγεσθαι
1194 1285 1375 1377 ἐπιθυμῶσι,

306 1397 379 1489 παρ’
397 1399 516 1471 ἑαυτοῖς
540 1382 778 1485 προσδέχονται·
800 1392 877 1484 πρὸς
900 1394 1023 1470 τούτοις
1043 1382 1079 1459 δὲ
1098 1398 1165 1469 ταῖς
1184 1391 1310 1476 ἵπποις,
1330 1388 1376 1469 αἰς

307 1506 427 1594 μάλιςα
452 1501 643 1593 ἀγάλλονται
663 1500 691 1565 οἱ
716 1498 849 1581 Γάλλοι,
870 1497 922 1565 καὶ
940 1504 1058 1565 πολλοῦ
1075 1499 1240 1590 πρίανται,
1259 1498 1375 1593 εἰσαγοι

306 1610 410 1699 μόναις
431 1606 519 1673 αὐτοὶ
535 1609 568 1672 οὐ
588 1614 733 1699 χρῶνται·
754 1602 837 1673 ἀλλὰ
850 1603 907 1682 τὰς
926 1603 1012 1699 παρὰ
1033 1602 1117 1697 σρίσι
1136 1604 1246 1696 μικράς
1269 1631 1304 1672 τε
1329 1603 1377 1671 καὶ

307 1706 422 1805 διρυεῖς
437 1715 598 1806 γενομένας
621 1722 662 1804 τῇ
683 1711 749 1778 καθ’
765 1710 879 1788 ἑκάςην
896 1710 1023 1784 ἇσκύσει
1042 1707 1145 1777 πολλὰ
1162 1718 1263 1778 πονεῖν
1286 1702 1376 1778 δυνα·

306 1823 398 1913 μένας
414 1823 609 1911 παρέχουσιν.
624 1804 667 1883 Εν
685 1809 722 1885 δὲ
740 1823 809 1896 ταῖς
830 1814 1034 1909 ἱππομαχίαις
1052 1816 1115 1885 ιίπθ
1137 1826 1199 1883 τῶν
1217 1819 1320 1884 ἵππων
1340 1823 1377 1895 ῶς

306 1926 356 1992 ἐπὶ
369 1929 404 1992 τὸ
420 1932 545 2003 πλεῖςον
564 1916 787 2007 καταπηδῶσι,
802 1924 854 1990 καὶ
866 1917 952 2002 πεζοὶ
964 1922 1129 2016 μάχονται·
1144 1924 1216 2001 τούς
1228 1922 1255 1989 θ’
1268 1926 1377 2001 ἵππους

307 2043 390 2123 σρῶν
415 2035 444 2097 ἐν
465 2040 510 2115 τῶ
529 2034 614 2098 αὐτῶ
632 2028 707 2123 ἴχνει
728 2032 825 2122 μένειν
845 2020 1047 2113 διδάξαντες,
1061 2030 1137 2123 πρὸς
1155 2031 1287 2113 αὐτοὺς,
1306 2034 1377 2099 όταν

306 2142 409 2232 καιρὸς
422 2134 457 2231 ᾗ,
472 2138 690 2230 ἀναχωροῦσιν·
711 2137 783 2203 ούτε
799 2133 907 2220 (κατά
924 2160 958 2230 γε
980 2137 1017 2203 τὸ
1039 2140 1139 2203 αὐτῶν
1159 2129 1379 2231 ἔθοςθαίσχρό-

306 2268 395 2337 τερον
414 2236 517 2327 οὐδὲν,
536 2243 555 2318 ἢ
577 2242 781 2336 ῥαθυμότερον
795 2236 952 2337 νομίζεται
969 2236 1095 2327 είναι,ἢ
1115 2242 1270 2335 ἐφιππίοις
1289 2254 1381 2336 χρῆσ-

307 2350 368 2416 θαι·
389 2351 440 2417 καὶ
457 2351 498 2428 εἰς
516 2354 577 2416 πᾶν
593 2350 708 2417 ἱππέων
728 2352 882 2439 ἐφιππίοις
905 2351 1070 2443 χρωμένων
1085 2350 1200 2428 πλῆθος
1219 2343 1380 2442 ἐμὸάλλειν

306 2456 359 2524 καὶ
371 2462 558 2552 ὀλιγώτατοι
573 2462 740 2550 τολμῶσιν·
761 2459 837 2552 πρός
855 2457 978 2536 τούτοις
998 2448 1028 2523 δ’
1043 2450 1121 2524 οἰνον
1137 2457 1193 2548 μὲν
1211 2456 1382 2552 εἰσάγεσθαι

306 2565 382 2656 πρὸς
400 2571 477 2655 σροῖς
495 2567 530 2631 ού
548 2567 590 2657 μὴ
606 2575 814 2660 συγχωροῦσι,
828 2573 940 2632 τοῦτον
953 2565 1030 2657 πρὸς
1048 2564 1104 2632 τόν
1117 2567 1210 2631 πόνον
1225 2567 1382 2656 μαλακοὺς

307 2674 450 2764 παρέχειν
465 2672 536 2749 τοὺς
556 2671 813 2765 άνθρώπους,ιιαὶ
832 2671 943 2748 αὐτοὺς
962 2669 1082 2762 μαλιςα
1097 2669 1275 2744 ’ἐιῶηλύνοιν
1293 2675 1383 2767 ἡγοῦ·

305 2803 399 2868 μενοι.

358 2885 422 2951 ΙΙΙ.
442 2887 540 2978 Κοινῇ
565 2875 600 2950 δέ
626 2886 721 2979 μέγαν
749 2893 844 2952 τοῦτο
871 2879 946 2950 εἶναι
972 2885 1093 2951 έπαινον
1117 2873 1266 2965 δοκοῦσι,
1285 2887 1325 2953 τὸ
1343 2891 1380 2965 ῶς

305 2989 435 3067 πλείςην
457 2991 519 3058 ἀπὸ
539 2999 622 3079 σφῶν
646 2994 748 3084 χώραν
773 2990 966 3083 ἐρημοῦσθαι·
986 2993 1090 3077 τούτῳ
1114 2991 1316 3084 ρανεροῦσθαι
1330 2994 1381 3060 λέο

306 3121 433 3190 γοντες,
459 3092 578 3174 πολλὰς
607 3093 659 3163 καὶ
682 3095 820 3190 μεγάλας
842 3098 883 3188 μὴ
911 3088 1077 3172 δυνηθῆναι
1094 3098 1197 3174 πόλεις
1216 3102 1276 3172 τὴν
1299 3107 1379 3191 σφῶν

286 3205 289 3210 ’
305 3202 401 3276 ἀλκὴν
413 3205 583 3295 ὑπομένειν·
600 3202 651 3270 καὶ
670 3213 832 3298 τοιγαροῦν
846 3203 916 3270 καθ’·
928 3200 960 3270 ἐν
976 3214 1032 3282 τῆς
1049 3211 1112 3270 τῶν
1129 3203 1267 3270 Σουεύων
1279 3208 1378 3299 χώρας

305 3310 415 3401 μέρος,
431 3309 668 3400 πεντακισχίλια
683 3301 847 3377 διακοσίων
867 3300 997 3394 δέοντα,
1012 3302 1111 3387 ςάδια
1129 3313 1232 3404 χώρας
1251 3315 1378 3405 ἐρημοῖ·

304 3415 374 3481 σθαι
389 3418 526 3511 λέγεται·
548 3415 632 3484 κατὰ
659 3407 693 3482 δὲ
717 3418 756 3485 τὸ
780 3413 856 3482 ἄλλο
880 3417 968 3510 μέρος
987 3415 1119 3484 οἰκοῦσιν
1139 3417 1168 3484 οἱ
1188 3413 1321 3503 Ούόιοι,
1340 3417 1377 3484 ῶν

305 3523 423 3616 ἐγένετο
441 3521 519 3589 ποτὲ
538 3529 556 3598 ἡ
577 3523 666 3601 πόλις
685 3522 796 3615 μεγίςη
818 3548 851 3589 τε
863 3572 872 3605 ,
886 3523 939 3589 καὶ
954 3518 1018 3606 (ῶς
1034 3549 1069 3618 γε
1087 3522 1170 3590 κατὰ
1188 3521 1376 3618 Γερμανοὺς)
1484 3596 1485 3605 ,

304 3619 563 3720 εύδαιμονεςάτη·
578 3628 630 3695 καὶ
643 3635 661 3703 ἡ
690 3625 833 3722 ερώτεροί
846 3654 878 3695 τι
892 3639 954 3695 τῶν
974 3626 1075 3697 ἄλλων
1091 3629 1242 3722 ὁμοεθνῶν
1266 3630 1338 3700 εἰσιν
1351 3632 1376 3698 οί

303 3729 424 3801 Ούύιοι·
445 3743 491 3821 τῷ
520 3761 554 3802 τε
572 3731 631 3829 γὰρ
657 3657 747 3824 δείνῳ
767 3735 971 3818 συνάπτουσι,
991 3735 1044 3802 καὶ
1070 3743 1188 3828 συχνῶς
1220 3741 1327 3816 αὐτοῖς
1351 3737 1375 3804 οί

303 3839 433 3936 ἔμποροι
447 3840 671 3936 ἐπιμίσγονται·
687 3835 739 3909 καί
754 3844 809 3910 άτε
826 3833 866 3916 δὴ
878 3852 936 3920 τῆς
952 3843 1109 3921 Γαλατίας
1123 3842 1253 3917 πλησίον
1267 3844 1376 3912 οἰκοῦν·

302 3972 370 4031 τες,
388 3954 452 4027 τοῖς
472 3956 532 4015 τῶν
553 3949 680 4015 Γάλλων
702 3947 780 4016 ἔθεσι
797 3947 839 4016 τὰ
857 3950 978 4041 μάλιςα
996 3955 1144 4043 χρῶνται.
1166 3952 1305 4030 Τούτους
1323 3943 1374 4033 δὲ,

302 4053 412 4148 καίπερ
433 4055 582 4134 πολλάκις
601 4056 727 4148 πολέμῳ
752 4058 1018 4149 ἐπιχειρήσαντες,
1042 4059 1084 4148 μὴ
1108 4046 1306 4142 δυνηθέντες,
1324 4048 1374 4124 διά

300 4181 336 4229 τε
358 4164 414 4236 την
439 4153 585 4256 δύναμιν,
609 4161 661 4230 καί
679 4165 735 4238 τὴν
764 4173 821 4242 τῆς
850 4165 951 4229 αὐτῶν
976 4168 1095 4243 πόλεως
1114 4161 1373 4258 μεγαλότητα,οί
