3000 5025
319 487 396 581 ”196
531 484 561 552 J.
589 482 747 552 CELSI
774 479 1173 549 COMMENTARII

316 636 382 690 tes:
393 618 473 713 quin
483 631 517 686 et
527 610 993 712 legati,'etquiadcousilium
1004 611 1228 700 vocabantur,
1239 616 1396 685 oratione

316 726 524 821 imperatoris
542 738 575 793 et
593 721 722 817 pudore
736 722 833 808 tacti,
845 718 1089 814 persistendum
1106 717 1395 814 pugnandumque

314 845 504 915 censerent,
518 844 552 899 et
561 843 734 923 acceptam
740 825 854 923 praelio
865 824 992 896 cladem
999 824 1113 921 praelio
1121 824 1273 894 hostibus
1282 826 1395 895 relim-

315 939 467 1009 dendam.
488 936 585 1006 Solus
601 938 713 1005 Caesar
729 936 897 1003 contraria
912 946 985 1001 erat
998 935 1033 1000 iu
1051 933 1231 1000 sententia:
1246 956 1327 1001 uam
1337 958 1396 1003 ne·

314 1071 379 1141 que
403 1045 504 1115 victis
531 1058 600 1113 tam
627 1045 697 1112 cito
722 1044 757 1109 in
784 1042 889 1110 aciem
916 1040 1099 1108 reversuris
1124 1052 1176 1107 sat
1200 1037 1343 1129 fidebat3
1357 1056 1396 1110 et

314 1150 505 1247 reparandis
527 1151 645 1219 animis
667 1150 775 1242 spatio
796 1172 882 1242 opus
901 1170 990 1234 esse,
1011 1170 1120 1239 noque
1137 1160 1300 1240 praeterea
1319 1162 1393 1216 mm

312 1259 443 1327 hostem
460 1280 562 1352 quam
583 1256 742 1325 frumenti
762 1256 909 1348 inopiam
931 1251 1146 1323 metuendam
1167 1277 1208 1321 eo
1232 1251 1298 1321 loci
1319 1278 1392 1323 ma-

311 1365 466 1435 nentibus
486 1364 665 1457 judicabat.
692 1360 786 1431 lllieo
805 1385 886 1456 ergo
912 1360 1080 1429 sociorum
1102 1373 1203 1453 atque
1224 1375 1394 1453 aegrotan-

311 1473 394 1541 tium
416 1494 498 1541 cura
515 1494 664 1564 congrua
686 1482 857 1563 suscepta,
871 1481 1047 1560 noctuque
1060 1465 1305 1561 impedimentis
1316 1492 1392 1535 om·

311 1578 408 1647 nibus
427 1578 618 1671 praemissis,
637 1574 870 1670 Appolloniam
885 1572 1056 1669 profectus
1069 1588 1137 1660 est,
1154 1572 1393 1667 quadrimestri

310 1684 480 1778 obsidione
489 1681 654 1753 derelicta.
669 1684 757 1751 Hinc
766 1678 1027 1768 inThessaliam,
1038 1679 1113 1749 fatis
1124 1678 1389 1774 impellentibus,

311 1791 544 1885 commigravit
557 1788 681 1857 bellum
693 1806 757 1858 :eo
771 1790 937 1858 caesarem
951 1811 1171 1882 praegressum
1184 1788 1299 1881 paucis
1313 1802 1394 1881 post

311 1896 426 1965 diebus
452 1896 629 1990 Pompeius
653 1896 861 1991 assequitur:
878 1895 1055 1987 statimque
1074 1894 1109 1971 in
1134 1894 1295 1962 concione
1323 1897 1393 1963 suis

310 2026 374 2096 pro
393 2026 430 2070 re
448 2001 533 2070 bene
552 2015 643 2095 gesta
662 2002 785 2095 gratias
802 2001 889 2095 agit3
909 2001 1042 2094 eosqui
1061 2024 1139 2069 cum
1158 2000 1313 2093 Scipione
1332 2026 1391 2070 ve·

310 2122 446 2195 nerant,
464 2131 533 2175 non
551 2121 620 2177 tam
638 2106 680 2174 ad
700 2104 825 2175 bellum
844 2128 945 2199 quam
964 2105 1007 2174 ad
1025 2103 1103 2174 belli
1120 2107 1256 2201 praemia
1273 2107 1391 2177 horta-

310 2228 385 2300 tur3
403 2214 467 2306 ipsi'
478 2227 590 2280 autem
604 2236 721 2281 socero
733 2226 769 2281 et
783 2211 956 2282 classicum
970 2226 1006 2280 et
1014 2213 1208 2306 praetorium
1221 2213 1391 2302 attribuit,

310 2321 484 2411 omnisque
497 2343 574 2387 eum
587 2333 621 2387 et
634 2318 778 2388 honoris
790 2332 826 2387 et
838 2320 968 2413 imperii
982 2319 1179 2415 participem
1191 2318 1291 2406 facit,
1303 2320 1390 2389 duo·

310 2426 372 2493 bus
394 2439 506 2509 tamen
526 2424 723 2494 exercitibus
746 2425 950 2520 conjunctis,
971 2449 1072 2493 nemo
1090 2439 1162 2494 erat
1179 2428 1237 2520 qui
1256 2425 1299 2495 de
1319 2430 1390 2497 vic·

309 2534 394 2600 toria
420 2531 605 2619 dubitaret;
625 2557 732 2627 usque
754 2532 918 2617 adeo,·ut
938 2533 1010 2627 jam
1035 2557 1152 2602 omnes
1177 2531 1219 2602 de
1244 2537 1389 2628 praemiis

309 2638 418 2733 deque,
432 2638 632 2722 honoribus,
652 2638 814 2732 denique,
833 2637 924 2732 quod
938 2626 1111 2708 stultitiam
1129 2663 1263 2708 omnem
1278 2665 1392 2736 super·

311 2741 480 2840 gredltur,
500 2741 541 2812 de
561 2747 661 2839 ipsius
682 2747 823 2814 Caesaris
844 2744 1029 2814 sacerdotio
1046 2747 1134 2814 inter
1151 2769 1204 2830 se,
1227 2769 1296 2815 uon
1319 2750 1391 2816 sine

310 2849 531 2934 contumelia,
553 2853 684 2945 patricii
704 2849 897 2947 litigarent:
919 2851 978 2920 sed
1003 2850 1093 2922 aliud
1118 2850 1184 2936 illi,
1209 2855 1388 2948 Caesarque

310 2957 496 3051 cop'tabat,
514 2971 615 3050 atque
633 2957 721 3026 aliud
747 2959 882 3028 fortuna
902 2957 1120 3054 praeparabat.
1140 2961 1186 3026 Et
1209 2955 1388 3056 Pompeius

275 3098 279 3105 x
310 3062 443 3156 quidem
458 3061 561 3132 solitis
576 3063 702 3133 artibus
715 3063 840 3134 bellum
852 3063 1002 3150 trabere,
1016 3064 1207 3135 cunctando
1220 3067 1388 3152 ricmrus,

311 3168 473 3264 coep'erat;
495 3169 671 3239 consilium
693 3168 794 3257 utile,
813 3169 871 3239 sed
891 3195 1029 3240 suorum
1056 3173 1183 3266 impetu
1201 3171 1387 3244 discussum
1472 3180 1473 3183 ’

310 3289 344 3344 et
363 3274 535 3344 inefficax:
551 3275 672 3346 milites
688 3276 730 3344 ad
748 3275 878 3345 labores
898 3278 989 3367 nati,
1006 3279 1113 3348 otium
1133 3274 1221 3348 ferre
1242 3304 1312 3348 uon
1334 3308 1388 3377 po·

309 3395 442 3450 terant:
461 3384 557 3466 socii,
578 3385 697 3478 patriae
716 3383 895 3466 desiderio,
914 3384 1136 3477 impatientes
1145 3400 1251 3453 erant·
1262 3412 1385 3457 morae:

308 3489 476 3584 principes
491 3490 586 3558 ducis
600 3490 819 3558 ambitionem
835 3491 870 3556 in
886 3490 1102 3584 prorogando
1115 3492 1257 3586 imperio
1272 3517 1387 3589 arguo
1471 3486 1472 3489 ¹

308 3595 399 3664 bant.
423 3597 488 3663 Tot
509 3597 649 3666 vocibus
669 3594 882 3690 consiliisque
901 3611 1098 3692 superatus,
1118 3622 1206 3668 unus
1229 3601 1402 3687 omnibus,
1471 3598 1472 3663 3

308 3704 406 3772 cessit
433 3703 573 3790 invitus,
593 3717 627 3771 et
651 3705 797 3796 raptanti
823 3705 935 3772 omnia
957 3703 1101 3774 fortunae
1120 3719 1259 3774 moestus
1282 3706 1385 3778 fraena
1470 3679 1472 3799 l

306 3807 446 3892 laxavit,
462 3809 675 3902 decrevitque
688 3833 847 3903 pugnare.
864 3809 984 3880 Adhuc
996 3826 1110 3878 tamen
1124 3836 1197 3880 rem
1214 3812 1384 3897 trahebat,
1401 3845 1408 3856 ·

306 3940 385 3985 nam
416 3915 506 4009 quod
536 3917 674 4009 quisque
703 3915 820 3985 nolens
850 3915 950 4006 facit,
967 3917 1079 4011 quoad
1104 3926 1235 4012 potest,
1258 3919 1383 3990 differt

306 4025 418 4092 Caesar
439 4021 630 4091 dilationem
642 4022 779 4111 oderat,
797 4047 859 4092 uec
881 4022 1037 4118 sperabat
1053 4039 1167 4094 tamen
1181 4050 1279 4120 posse
1291 4029 1374 4096 Pom

304 4133 417 4225 peium
431 4126 501 4198 ullo
518 4131 653 4225 ingenio
666 4130 710 4201 ad
731 4129 950 4246 puquandum
963 4130 1094 4202 induci:
1107 4131 1173 4202 bac
1188 4131 1382 4214 difficulate
