3000 5025
249 458 571 529 INTERPRES
594 458 831 527 οιιιοειιο.
859 457 958 527 ιιι.
987 457 1054 527 ιν.
1125 460 1200 553 οη

110 603 1203 625 mmmmmmmwmm

165 795 403 889 ΓΑΙΟΥ
440 794 742 889 ιοιιιοι
780 793 1136 889 ΚΑΙΣΑΡΟΣ
1191 791 1194 797 ·

112 1054 1202 1185 AHOMNHMONEYMATA

199 1343 308 1409 ΤΟΥ
346 1343 414 1409 ΕΝ
441 1342 815 1409 ΤΗΙΓΑΛΑΤΙΑΙ
839 1340 1102 1409 ΠΟΛΕΜΟΥ.

439 1570 778 1684 ΒΙΒΛΙΟΝ
817 1590 872 1682 Δ.

354 1824 970 1865 n——aeoffi-——u

103 2044 184 2149 Ta
205 2065 236 2140 δ’
253 2074 382 2143 ἐπίοντι
397 2084 523 2169 χειμῶνι
537 2074 589 2144 ἐπὶ
601 2075 728 2143 ὑπαίτιον
745 2074 857 2143 Γναίου
871 2069 1039 2166 Πομπηίου
1052 2072 1104 2141 καὶ
1116 2072 1205 2168 Μοίρι

119 2178 170 2245 κου
188 2180 365 2271 Κράσσου,
388 2184 442 2250 τὸν
469 2166 566 2256 Ρῆνον
595 2185 629 2249 οὐ
649 2184 727 2251 πολὺ
751 2182 814 2249 ἀπὸ
834 2191 890 2259 τῆς
911 2178 1085 2265 θαλάσσης,
1107 2179 1147 2259 είς
1166 2182 1202 2256 ἢν

121 2280 285 2375 ἐμόοίλλει,
301 2294 412 2375 πολλῷ
428 2279 487 2354 ἀνδ
490 2298 547 2380 ρῶν
562 2288 670 2363 πληθει
685 2279 842 2361 διέόησαν.
857 2286 964 2355 Αἴτιον
979 2279 1093 2371 δὲ,ότι
1107 2288 1203 2355 πολὺν

120 2394 223 2483 χρόνον
254 2396 319 2463 ὑπὸ
338 2402 411 2462 ’τῶν
424 2396 571 2475 ,Σουεόων
596 2398 819 2489 πολεμούμενοι
852 2389 1035 2477 ἐπιέζοντο,
1060 2392 1114 2460 καὶ
1145 2401 1203 2472 τῆς

122 2500 266 2596 γεωργίας
293 2502 524 2569 ἀπεκωλόοντο.
545 2502 668 2568 Σουεῢοι
690 2492 725 2568 δέ
745 2500 828 2578 ἔθνος
849 2498 896 2578 ἐςὶ
921 2502 1047 2595 μέγιςον
1074 2498 1201 2567 ποίντων

23 2623 25 2646 ¹
121 2612 178 2671 τῶν
208 2610 378 2701 Γερμανῶν
407 2608 459 2674 καὶ
490 2610 756 2699 πολεμικώτατον·
785 2609 905 2673 τοότων
931 2604 1066 2699 μὲνγὰρ
1092 2609 1201 2709 ἑκατὸν

124 2711 216 2799 φυλὰς
237 2707 423 2810 διαιρεῖσθαι
439 2715 577 2807 λέγεται·
601 2707 633 2790 ἐξ
650 2711 689 2779 ὧν
714 2712 829 2790 ἑκοίςης
852 2709 968 2804 χιλίους
994 2704 1108 2805 ἄνδρας
1131 2715 1203 2779 κατ’

86 2911 88 2916 Ι
124 2817 194 2896 ἔτος·
208 2821 260 2889 ἐπὶ
279 2823 337 2890 τὸν
356 2822 490 2912 πολεμον
506 2814 656 2913 ἐξάγουσι·
674 2818 725 2886 καὶ
740 2820 768 2886 οἱ
787 2818 840 2911 μὲν
855 2821 884 2884 ἐν
899 2826 940 2912 τῇ
954 2809 1087 2909 πατρίδιΙ
1102 2842 1203 2885 κατα-

128 2923 299 3013 μείναντες,
319 2930 446 3004 ἑαυτούς
466 2925 570 2994 τεκαὶ
594 2923 722 3004 ἐκείνους
741 2927 896 3015 τρέφουσι·
921 2931 967 3010 τῷ
986 2914 1016 2989 δ’
1033 2919 1071 2989 αὖ
1086 2923 1203 2991 ἐπιόντι

128 3029 205 3116 έτει,
220 3037 314 3102 αὐτοὶ
334 3034 388 3126 μὲν
407 3031 491 3102 κατὰ
505 3034 594 3126 μέρος
610 3035 638 3098 ἐν
659 3035 765 3110 ὅπλοις
783 3028 866 3098 εἰσίν·
881 3030 909 3096 οἱ
924 3023 953 3097 δ’
968 3034 998 3098 ἐν
1013 3037 1060 3118 τῷ
1073 3029 1202 3124 πρόσθεν

37 3189 40 3194 .
130 3135 187 3204 ἔτει
205 3145 458 3234 πολεμήσαντες,
472 3135 556 3207 κατὰ
573 3140 675 3231 χώραν
696 3138 843 3232 μένουσιν·
863 3137 936 3204 ὥσθ’
948 3140 1046 3215 οὕτως
1065 3137 1136 3203 οὔτε
1149 3138 1203 3228 μὲν

129 3245 310 3341 θγεωργία,
321 3248 392 3314 οὔτε
404 3271 438 3340 γε
453 3251 469 3312 ὁ
484 3245 618 3337 πόλεμος
631 3236 834 3311 διαλείπεται.
846 3231 966 3338 Ᾱγροός
977 3268 1012 3337 γε
1026 3245 1084 3335 μὴν
1096 3234 1202 3327 ἰδίους,

131 3349 179 3414 καὶ
192 3351 246 3420 ἀπ’
266 3355 410 3427 ἀλλήλων
427 3352 665 3445 κεχωρισμένους
683 3354 740 3418 οὐκ
753 3353 883 3442 ἔχουσιν·
898 3342 965 3417 οὐδ’
980 3353 1084 3426 αὐτοῖς
1099 3353 1202 3416 πλεῖον

133 3452 214 3534 ἔτους
240 3463 270 3524 ἐν
292 3461 334 3526 ἐνὶ
354 3459 461 3544 τόπῳ,
480 3469 536 3526 τοῦ
559 3466 711 3525 κατοικεῖν
735 3460 765 3552 γ’
786 3459 889 3538 ἕνεκα,
913 3457 1009 3548 μένειν
1032 3458 1088 3522 οὐκ
1110 3447 1201 3531 ἕξεςι·

116 3560 180 3625 ’καὶ
200 3564 250 3630 ἐπὶ
270 3566 324 3657 μὲν
349 3567 386 3633 τὸ
407 3555 551 3648 πλεῒςον,
566 3567 600 3630 οὐ
616 3571 721 3649 σῖτον,
741 3560 822 3630 οἳλλὰ
839 3561 922 3658 ροίλα
941 3563 999 3648 τὲ,
1019 3561 1072 3627 καὶ
1090 3554 1203 3634 θοσκό-

118 3657 215 3752 ιμοιτα
228 3683 399 3738 σιτοῦνται·
424 3671 476 3738 καὶ
501 3669 543 3738 τὰ
560 3676 673 3748 πλοῖςα
688 3672 717 3736 ἐν
737 3679 778 3764 τῇ
794 3669 871 3763 θόρορ
890 3660 1091 3762 διατρίόουσι·
1106 3676 1202 3734 τοῦτο

136 3759 185 3850 δὲ,
200 3766 253 3844 διοί
268 3804 303 3844 τε
323 3780 361 3845 τὸ
382 3788 438 3844 τοῦ
462 3770 632 3870 ἐδέσματος
652 3767 749 3859 εἶδος,
764 3776 816 3843 καὶ
830 3778 886 3848 τὴν
904 3774 972 3844 καθ’
991 3778 1103 3850 ἑκοὶςην
1124 3774 1202 3865 ἡμέ-

119 3911 121 3916 ’
138 3899 186 3963 ραν
209 3879 353 3968 οίσκκσιν,
368 3886 424 3957 τὴν
447 3895 504 3952 τοῦ
530 3882 597 3968 βίου
617 3881 782 3974 ἐλευθερίαν
803 3870 997 3973 (ἐκπαίδων
1018 3880 1071 3973 μὲν
1093 3882 1151 3973 γὰρ
1171 3881 1201 3944 ἐν

121 3973 229 4086 ,οὐδενὶ
246 3990 428 4088 προίγματι,
445 3992 516 4058 οὔτε
541 3979 729 4080 διδασκαλίᾳ
752 3986 934 4079 εἰθισμένοι,
953 3979 1039 4055 οὐδὲν
1060 3978 1118 4064 ἔξω
1144 3993 1200 4064 τῆς

123 4099 212 4176 ’σφῶν
229 4097 386 4191 ἐπιθυμίας
403 4087 547 4186 ποιοῦσι)
558 4099 614 4173 τόν
637 4121 673 4162 τε
689 4098 791 4188 ῥώμην
806 4095 929 4187 τρέφει,
944 4094 998 4163 καὶ
1020 4089 1198 4188 πελωρίους,

941 4214 1011 4297 26⁴
