3000 5025
224 947 227 952 ’
335 905 1278 1077 COMMENTARII

669 1206 748 1297 na
786 1204 957 1318 nm,
1058 1253 1060 1258 ι

427 1457 687 1582 tutu
733 1451 1175 1581 casatus.

528 1907 730 1993 LIBER
770 1901 1078 1992 TERTIUS.

271 2120 483 2243 Dianasso
505 2174 638 2241 Caesare
661 2196 702 2239 ex
729 2168 865 2253 Galliis,
885 2170 1019 2264 Sergius
1042 2166 1168 2256 Galba,
1183 2192 1283 2261 quam
1302 2168 1350 2237 le·

270 2294 385 2375 gatum
413 2279 448 2347 in
475 2277 625 2347 Sedunos
650 2277 796 2371 aliasque
827 2276 928 2344 urbes
950 2276 1118 2371 proximas
1148 2300 1226 2344 cum
1252 2290 1350 2370 parte

270 2388 436 2479 equitatus
447 2399 482 2453 et
494 2384 694 2453 duodecima
707 2382 838 2478 legione
850 2382 1036 2471 dimiserat,
1049 2382 1258 2451 Sedunorum
1272 2380 1350 2451 alio

269 2517 411 2587 rumque
432 2489 616 2560 dolentium
632 2490 718 2561 filios
739 2516 817 2560 suos
837 2489 992 2587 obsidum
1013 2492 1148 2558 nomine
1167 2489 1228 2560 sibi
1245 2491 1350 2584 eripi,

270 2613 304 2667 et
324 2601 497 2668 Romanos
514 2597 656 2692 publicae
674 2597 823 2667 utilitatis
840 2597 1000 2685 obtentu,
1016 2621 1094 2665 vere
1108 2611 1219 2665 autem
1239 2596 1348 2666 domi·

220 2742 225 2753 ·
269 2706 372 2774 nandi
389 2704 524 2774 libidine
536 2702 598 2812 illis
612 2706 646 2771 in
662 2705 853 2799 regionibus
871 2702 1058 2773 consedisse
1073 2728 1163 2799 aegro
1176 2703 1288 2772 animo
1302 2703 1349 2772 fe-

269 2815 434 2900 rentium,
448 2835 631 2905 eorumque
654 2813 856 2911 paucitatem
869 2812 1154 2879 contemnentium
1170 2811 1349 2905 insperatis

268 2919 394 2987 insidiis
412 2922 677 3005 circumventus,
698 2917 782 2986 adeo
802 2920 836 2985 in
854 2931 997 3012 angusto
1015 2916 1096 3003 fuit,
1111 2932 1149 2986 ut
1169 2915 1347 2985 consilium

267 3025 344 3119 ipse¹
358 3026 473 3118 suique
493 3048 609 3093 omnes
631 3039 790 3118 caperent
810 3023 1026 3118 erumpendi,
1043 3049 1143 3116 seque
1160 3022 1247 3118 fugae
1264 3049 1347 3118 prae

269 3130 353 3199 sidio
372 3128 540 3200 salvandi:
555 3155 622 3224 quo
636 3145 746 3199 tamen
762 3129 900 3199 consilio
914 3154 983 3197 non
998 3129 1137 3222 rejecto,
1153 3128 1211 3199 sed
1225 3129 1347 3219 dilato,

268 3235 441 3332 elegerunt
455 3239 555 3306 armis
570 3238 681 3332 potius
695 3238 839 3332 experiri
853 3260 953 3331 quam
966 3219 1060 3331 fuga,
1077 3239 1104 3306 si
1118 3261 1184 3331 qua
1202 3251 1289 3306 esset
1301 3237 1347 3305 ad

265 3342 406 3412 salutem
420 3345 482 3412 via.
498 3345 614 3432 Quum
632 3368 713 3412 vero
724 3345 838 3412 hostes
854 3356 965 3411 castra
981 3344 1195 3430 invasissent,
1213 3358 1247 3412 et
1262 3342 1346 3412 mul·

267 3449 407 3519 titudine
430 3450 525 3538 freti,
548 3450 641 3520 fessis
668 3452 815 3544 integros
844 3449 1092 3538 submittendo,
1112 3447 1125 3536 (
1142 3450 1232 3545 quod
1254 3450 1347 3545 apud

267 3557 438 3626 Romanos
460 3582 529 3626 non
550 3556 651 3626 modo
670 3556 780 3645 fessis,
793 3556 851 3625 sed
872 3581 915 3624 ne
928 3554 1110 3626 vulneratis
1124 3557 1256 3652 quidem
1270 3556 1345 3627 fieri

265 3679 414 3756 poterat,
432 3664 553 3756 quibus
577 3662 701 3732 nedum
724 3666 950 3756 requiescere,
968 3663 1086 3732 sedne
1104 3662 1180 3733 loco
1206 3679 1344 3758 arrepto

265 3769 319 3838 vel
340 3795 522 3864 parumper
540 3769 657 3838 cedere
673 3763 811 3859 liceret)
824 3795 929 3864 usque
950 3771 1034 3839 adeo
1048 3795 1106 3839 eos
1123 3771 1344 3862 attrivissent,

264 3892 303 3945 ut
324 3877 573 3972 oppugnatione
602 3900 659 3944 sex
687 3877 853 3946 continuis
879 3878 972 3947 horis
999 3880 1069 3946 sine
1098 3878 1344 3948 intermissione

265 3998 436 4076 protenta,
451 4009 503 4052 res
518 4006 657 4052 romana
666 3983 736 4076 jam
749 3983 793 4051 ad
807 3983 1072 4079 desperationem
1087 3983 1238 4053 ultimam
1252 4010 1345 4081 spec·

265 4103 370 4180 taret3
392 4105 544 4160 nectam
564 4114 627 4184 pro
650 4089 758 4160 salute
772 4090 914 4186 amplius
936 4116 1037 4187 quam
1058 4117 1121 4186 pro
1142 4090 1268 4161 ultione
1290 4116 1344 4160 re·
