3000 5025
211 472 215 481 ’
300 501 376 577 236
518 505 547 571 J.
576 502 729 573 cassi
758 485 1160 571 conuentum

297 652 333 707 et
352 638 430 706 vitae
454 636 557 731 igitur
570 649 609 705 et
631 636 747 709 mortis
770 634 970 705 honestioris
994 657 1053 728 spe
1071 634 1210 721 amissa,
1224 632 1272 713 ad
1295 632 1381 704 illud

298 742 454 815 ultimum
483 742 696 830 remedium,
718 766 786 835 quo
807 755 889 811 tunc
910 738 1008 837 multi
1029 740 1231 829 utebantur,
1247 764 1285 809 se
1302 765 1382 812 con·

297 853 417 937 vertit,
436 851 570 945 egitque
591 872 669 919 eum
689 850 822 917 Petreio
832 861 1058 917 extremarum
1080 848 1202 917 comite
1227 846 1380 917 fortuna·

200 1016 203 1024 .
299 982 398 1045 rum,
418 971 457 1026 ut
474 957 618 1025 invicem
636 954 726 1025 ferro
746 954 980 1043 decertarent,
1002 952 1151 1049 alterque
1169 952 1312 1023 alterum
1326 980 1380 1024 oe·

299 1062 441 1151 cideret3
452 1064 619 1135 consentit
631 1060 686 1131 ille
697 1087 768 1132 non
776 1060 973 1145 difficulter,
986 1062 1098 1155 utqui
1110 1060 1223 1129 vivere
1236 1060 1381 1155 amplius

299 1184 505 1264 gravaretur.
527 1172 744 1239 Concurrunt
762 1193 844 1264 ergo
865 1192 908 1237 ex
929 1167 1103 1255 condicto,
1124 1181 1160 1236 ct
1174 1169 1307 1237 Petreio
1324 1168 1382 1237 ob

297 1290 472 1364 truncato,
489 1300 547 1345 rex
565 1284 736 1369 'superstes
755 1275 838 1369 quid
854 1272 1038 1370 ageretlin
1052 1299 1089 1345 se
1101 1297 1240 1343 manum
1253 1276 1379 1359 vertit3

299 1382 359 1453 sed
380 1406 485 1478 quum
512 1397 629 1477 peetus
650 1381 740 1451 ferro
771 1380 1042 1455 transverberare
1063 1406 1133 1451 non
1148 1396 1293 1475 posset,
1320 1406 1381 1451 seu

300 1504 393 1559 metu
413 1489 633 1585 impediente,
658 1513 717 1559 seu
742 1486 870 1577 lorica;
892 1513 1027 1559 servum
1047 1512 1162 1576 suum,
1183 1502 1221 1557 ut
1236 1512 1271 1557 se
1290 1491 1381 1558 occi·

300 1594 411 1683 deret,
435 1598 605 1684 exoravit,
625 1587 660 1665 et
678 1594 837 1665 obediens
847 1620 965 1665 servus
979 1594 1060 1665 fuit:
1073 1593 1258 1665 secundum
1276 1593 1386 1684 alios,

299 1703 449 1772 Petreius
465 1717 499 1773 et
513 1718 667 1774 orantem
687 1727 821 1799 regem,
842 1717 937 1773 etex
959 1700 1076 1771 ordine
1092 1702 1309 1796 semetipsum
1323 1727 1382 1773 co-

209 1896 212 1903 ,
298 1808 377 1880 dem
396 1834 558 1881 mucrone
578 1809 746 1905 perfodit:
768 1809 1005 1904 quodcumque
1026 1808 1150 1877 horum
1172 1810 1285 1878 verius
1300 1835 1311 1896 ;
1326 1868 1330 1873 .
1346 1810 1381 1879 id

261 1982 267 1993 ,
300 1916 436 2011 quidem
454 1931 603 2005 constat,
623 1931 740 2013 aperto
760 1917 795 1985 iu
821 1918 995 2003 convivio,
1016 1928 1073 2003 et,
1095 1930 1134 1984 ut
1154 1914 1264 1985 dicam
1289 1916 1385 2010 quod

300 2024 432 2112 sentio,
451 2024 494 2092 ab
509 2023 607 2093 ebriis
621 2022 747 2093 factum
765 2037 832 2110 est,
847 2046 1036 2117 mensaeque
1050 2076 1061 2109 ,
1074 2020 1191 2117 dapes,
1209 2036 1244 2091 et
1258 2021 1385 2117 pocula

300 2129 380 2199 hinc
407 2155 547 2201 romano
575 2131 761 2225 sanguine,
791 2128 876 2199 hinc·
895 2130 988 2223 regio
1011 2128 1222 2198 maduerunt.
1245 2131 1311 2200 Hic
1334 2144 1386 2204 est

301 2237 403 2331 igitur
423 2238 564 2323 Petreii‚
579 2236 635 2306 hic
650 2251 701 2307 est
714 2237 811 2305 lubae
833 2237 920 2331 regis
941 2236 1066 2324 exitus,
1091 2260 1153 2306 nec
1171 2234 1302 2305 felicior
1323 2239 1385 2307 Sa·

300 2342 404 2411 burra
430 2343 608 2439 praefectus
642 2344 781 2437 regius,
806 2343 868 2413 nisi
897 2341 988 2437 quod
1014 2340 1061 2411 illi
1089 2342 1272 2437 pugnando
1297 2346 1386 2413 mori

301 2450 464 2547 contigit,
485 2450 575 2545 quod
589 2450 744 2522 dominus
763 2473 843 2520 suus
864 2448 989 2521 frustra
1010 2451 1161 2545 optavit:
1179 2474 1386 2545 congressus

301 2581 423 2652 nempe
450 2582 528 2626 cum
554 2561 590 2628 P.
611 2559 695 2628 Sitio
719 2558 861 2628 Caesaris
883 2556 1015 2652 legato,
1038 2555 1153 2652 praelio
1171 2559 1303 2647 victus,
1328 2573 1384 2649 et,

301 2662 377 2734 fuso
395 2666 559 2752 exercitu,
575 2664 770 2734 interfectus
782 2680 851 2735 cst:
870 2687 1041 2759 quumque
1057 2663 1157 2734 Sitius
1172 2664 1272 2753 idem,
1286 2667 1385 2736 victis

300 2769 473 2862 hostibus,
488 2773 559 2867 ipse
574 2797 652 2848 curn
670 2773 786 2867 paucis
803 2795 864 2867 per
881 2772 1119 2846 Mauritaniam
1134 2773 1198 2845 iret
1216 2770 1259 2839 ad
1272 2774 1385 2842 Caesa·

236 2939 243 2956 .,
301 2903 391 2966 rem,
408 2881 550 2949 Faustus
566 2879 653 2949 forte
670 2893 703 2948 et
723 2878 881 2947 Afranius
900 2903 978 2948 cum
996 2877 1086 2948 mille
1107 2879 1188 2947 viris
1205 2877 1249 2946 ad
1262 2880 1384 2975 Hispa·

300 2986 374 3054 nias
394 2985 506 3073 ibant3
529 3011 699 3081 quumque
717 2987 862 3054 invicem
884 2985 1135 3069 conflixissent,
1156 2986 1238 3054 vicit
1257 2987 1386 3074 Sitius,

302 3104 336 3160 et
349 3089 483 3185 reliquis
499 3092 699 3180 interfectis,
713 3117 754 3162 ac
765 3093 801 3160 in
810 3091 911 3161 fidem
923 3093 1086 3187 acceptis,
1099 3094 1259 3162 Faustum
1270 3094 1387 3187 ipsum,

302 3199 416 3294 cepit,
437 3213 471 3267 et
490 3197 667 3269 Afranium
686 3223 765 3270 cum
787 3199 948 3268 uxoribus
968 3197 1129 3293 filiisque,
1150 3199 1192 3268 ad
1214 3201 1384 3270 Caesarem

301 3303 547 3400 perducturus3
562 3331 623 3376 nec
635 3304 743 3377 multo
756 3319 852 3400 post,
869 3304 1072 3376 dissensione
1088 3320 1204 3374 exorta
1218 3308 1306 3377 inter
1322 3308 1384 3376 mi-

301 3409 394 3499 lites,
406 3414 547 3486 Faustus
562 3428 596 3488 et
607 3414 766 3485 Afranius
778 3411 993 3485 occiduntur:
1014 3412 1213 3508 conjugibus
1230 3415 1383 3508 natisque

302 3519 416 3594 Ceasar
439 3533 474 3588 et
495 3517 636 3596 salutem
657 3519 769 3609 dedit,
780 3532 815 3587 et
832 3518 922 3588 bona
941 3521 1094 3593 restituit.
1108 3522 1201 3590 Dum
1215 3520 1262 3588 sic
1279 3519 1383 3590 duces

302 3625 579 3720 pompeianarum
602 3627 748 3722 partium
767 3624 943 3720 undique,
962 3629 1056 3719 quasi
1083 3625 1221 3696 frondes
1245 3652 1308 3722 per
1328 3652 1383 3696 au-

302 3746 458 3802 tumnum
481 3748 634 3822 ruerent,
648 3733 857 3827 fortunaeque
868 3732 1061 3804 turbinibus
1078 3747 1279 3827 agerentur3
1292 3732 1384 3804 solus

302 3841 398 3933 quasi
424 3839 494 3933 jam
518 3839 587 3908 dux
607 3838 732 3910 ducum
756 3840 868 3935 Scipio
891 3840 1063 3928 restabat3
1085 3841 1227 3909 navibus
1246 3840 1382 3934 quidem

301 3942 411 4040 longis
429 3944 572 4041 aliquot,
594 3970 672 4020 curn
690 3946 868 4020 comitibus
884 3948 955 4044 ipse
974 3971 1108 4042 quoque
1126 3945 1169 4016 ad
1187 3948 1384 4042 Hispaniam

301 4051 393 4140 ibat3
414 4052 515 4122 credo
532 4053 624 4148 quod
640 4054 687 4124 ibi
704 4079 766 4150 per
779 4051 866 4122 filios
884 4055 997 4149 magni
1009 4055 1159 4148 Pompeii
1177 4052 1321 4123 refoveri
1335 4055 1383 4123 ci-

303 4155 369 4231 vile
377 4158 504 4262 bellum
518 4173 552 4232 et
565 4161 768 4240 recalescere
780 4160 961 4236 ferebatur.
974 4161 1090 4253 Quum
1103 4159 1162 4230 diu
1173 4158 1383 4255 multumque
