3000 5025
250 537 567 606 INTERPRES
593 537 832 607 GRAECUS.
861 539 955 607 LIB
983 540 1051 607 VI.
1115 536 1193 633 669

112 693 194 734 τοτε
208 668 398 753 καύιςαντο
419 669 480 736 ἐίσύ
482 670 537 738 ὀἱ
560 673 619 805 μὲν
635 656 823 750 Εδουεις
775 697 901 738 παντων
918 664 1146 739 δυνατώτατοι·
1166 675 1195 739 οἱ

113 766 151 840 δὲ
172 759 321 867 Ρῆμοι
289 803 326 844 το
346 768 489 870 δεύτερον
503 779 571 869 μετ’
587 779 697 855 αὐτοὺς
712 779 789 869 ἔχειν
808 770 993 870 ἐνομίζοντο.

117 884 266 948 XIII.
282 868 386 949 Εν
339 909 424 976 πασῃ
440 804 475 951 δὲ
490 893 530 978 τῇ
549 883 705 974 Γαλατία,
720 893 783 952 τῶν
807 886 836 951 ἔν
856 910 916 951 τινι
937 887 1017 975 χώρ
986 911 1026 973 ρα
1046 884 1114 952 καὶ·
1119 897 1194 980 τιμῇ

113 988 217 1054 όντων
237 989 307 1082 γένη
330 989 385 1056 εἰσι
375 957 509 1057 δύα*
496 1018 511 1057 ο
536 992 590 1084 μὲν
608 989 665 1086 γὰρ
652 983 808 1082 ρδῆμος’
795 1017 825 1058 εν
839 994 918 1084 χύρ
889 1017 926 1082 ρα
945 983 1062 1058 δουλων
1082 984 1194 1083 σχεδόν

113 1093 199 1180 εισι,
219 1097 273 1160 καὶ
287 1089 375 1163 οὐδὲν
391 1088 431 1161 δι’
446 1101 556 1164 ἑαυτοῦ
575 1089 760 1188 δυνάμενος,
774 1100 804 1165 ἐν
823 1089 953 1190 οὐδεμιᾷ
969 1103 1195 1191 παρακαλεῖται

113 1193 228 1294 ύουλῇ·
247 1201 275 1268 οἱ
288 1209 409 1280 πλεῖςοι
428 1195 458 1270 δ’
478 1195 582 1277 ἐπειδὴ
598 1203 617 1278 ἢ
632 1202 762 1298 χρίσι,ἢ
781 1203 834 1271 καὶ
852 1213 892 1298 τῇ
904 1214 967 1270 τῶν
989 1209 1086 1270 τελῶν
1106 1198 1196 1298 ύαρύ-

113 1332 215 1390 τητι,
231 1305 250 1381 ἢ
267 1307 318 1375 καὶ
336 1304 421 1403 ύύρει
439 1311 498 1378 ὐπὸ
521 1319 583 1377 τῶν
604 1301 744 1378 δυνατῶν
758 1305 934 1393 ὐλίόονται,
949 1311 1102 1387 ὑπηκόους
1117 1317 1195 1403 σφοῖς

113 1421 181 1480 τῶν
198 1417 326 1508 εὐγενῶν
336 1418 471 1510 λέγουσι.
491 1417 555 1484 Καὶ
573 1419 696 1496 τούτοις
717 1417 771 1510 μὲν
790 1421 889 1494 οὕτως
907 1418 936 1484 οἱ
953 1421 1079 1511 εὐγενεῖς
1095 1425 1195 1510 χρῶνί
1230 1463 1234 1469 ·

112 1545 189 1602 ται,
210 1527 251 1598 ῶς
266 1523 294 1588 οἱ
307 1524 403 1617 κύριοι
421 1523 461 1601 εἰς
483 1525 555 1602 τοὺς
574 1515 713 1602 δούλους·
740 1531 800 1591 τῶν
825 1514 859 1590 δέ
878 1522 1115 1617 προειρηθέντων
1139 1515 1196 1592 δύο

112 1635 233 1720 γενῶν,
249 1630 287 1695 τὸ
304 1631 357 1721 μὲν
377 1639 438 1696 τῶν
457 1632 702 1722 ἐπικαλουμένων
715 1621 881 1723 Δρουίδων·
896 1632 934 1698 τὸ
949 1622 984 1695 δὲ
999 1637 1062 1695 τῶν
1079 1630 1195 1698 ἱππέων

113 1732 177 1810 ἐςί·
208 1737 335 1802 Τούτων
363 1737 392 1802 οἱ
423 1737 476 1829 μὲν
504 1727 649 1829 Δρουίδαι
673 1734 715 1803 τὰ
743 1735 809 1804 θεῖα
827 1729 1032 1828 διαχειροῶσι,
1052 1734 1104 1803 καὶ
1133 1745 1195 1802 τῶν

113 1839 251 1923 θυσιῶν,
268 1833 422 1936 δημοσίων
442 1869 476 1910 τε
497 1843 549 1910 καὶ
568 1835 673 1926 ἰδίων,
695 1845 931 1935 ἐπιμελοῦνται,
947 1841 999 1910 καὶ
1022 1845 1080 1915 τὴν
1102 1841 1196 1934 θρησ-

114 1945 204 2017 κείαν
229 1951 434 2039 ἑρμηνεύουσι’
448 1951 524 2040 πρὸς
539 1951 650 2028 αὐτοὺς
671 1941 706 2016 δὲ
725 1950 804 2016 πολύ
822 1948 986 2016 νεανίσκων
1006 1948 1122 2026 πλῆθος
1139 1958 1196 2015 τοῦΙ

109 2043 328 2122 διδάσκεσθαι
346 2059 432 2123 ἕνεκα
455 2061 592 2141 συνιᾶσι,
615 2054 666 2123 καὶ
687 2059 716 2122 ἐν
736 2062 837 2149 πολλῇ
856 2056 968 2132 αὐτοὺς
987 2057 1090 2146 ἔχουσι
1108 2065 1195 2148 τιμῇ.

114 2157 292 2226 Πάντα
259 2187 313 2253 μεν
336 2161 394 2256 γὰρ
379 2153 595 2256 ρσχεδύν
561 2189 603 2228 τα
634 2155 771 2249 δημόσια
796 2187 831 2227 τε
854 2189 906 2228 και
895 2153 990 2227 ’ίδια
1013 2164 1198 2255 ἐγκλήματα

115 2258 137 2332 δ
139 2259 339 2344 ικαζουσιν
313 2294 341 2335 οι
355 2272 395 2363 Δρ
398 2261 466 2336 ουιδ
469 2295 509 2336 αι
527 2269 578 2336 καὶ
592 2267 620 2335 εἴ
632 2295 664 2336 τι
678 2261 733 2336 αδ
723 2295 834 2361 ικημα,
846 2295 866 2342 η
884 2292 931 2346 τις
945 2275 1081 2335 ποιεῖται
1093 2269 1197 2359 φόνος,

113 2373 144 2448 ἢ
167 2399 222 2439 και
211 2365 298 2440 δια
320 2379 488 2468 κτήματα,
502 2375 554 2442 καὶ
583 2378 684 2470 χώραν
711 2366 846 2503 διαφορ’
826 2403 846 2442 α
871 2401 936 2441 τισι
960 2374 1093 2469 γίνεται,
1113 2373 1198 2442 οὐτοι

114 2479 190 2591 περὶ
212 2482 332 2547 τούτων
352 2479 394 2571 ψῆ
376 2505 450 2573 ηφσν
470 2482 606 2566 τιθέασι,
629 2507 681 2550 και
670 2474 778 2561 ζη’
720 2509 834 2612 ημιριν,
849 2480 981 2572 ἢτιμην
1001 2475 1196 2613 ψηφίζονται

100 2570 165 2653 Ἢν
189 2578 227 2653 δέ
240 2612 288 2666 τις
303 2580 484 2673 ἰδιώτης,η
506 2580 646 2695 δημότης
667 2598 705 2681 τῇ
725 2588 844 2654 ἐκείνων
863 2584 1010 2713 ψύφφ
973 2614 1014 2679 μη
1037 2590 1197 2681 ὐπακούη,

117 2720 235 2761 τουτον
250 2702 311 2760 τῶν
332 2695 416 2788 ἱερῶν
436 2660 700 2788 ἀποχωρίζουσιν·
715 2697 794 2767 αὐτη
816 2686 852 2760 δὲ
875 2691 961 2785 παρὰ
983 2699 1047 2770 τοῖς
1068 2695 1199 2772 Γοὶλλοις

118 2796 327 2892 όαρυτοίτη’
315 2800 378 2879 εςὶν
405 2807 423 2875 ἡ
449 2794 552 2894 ζημία.
575 2801 616 2866 Οἱ
642 2800 695 2892 μὲν
721 2797 780 2894 γὰρ
809 2810 891 2866 ταῦτ
893 2799 1199 2894 ὀἱπαγορευθέντες,

119 2898 229 2973 οἷδικοί
245 2932 298 2990 τε,
312 2906 364 2974 καὶ
382 2907 558 3000 ἐπίτριπτοι
576 2902 774 2999 νομίζονται,
789 2911 890 2973 αὐτῶν
909 2931 952 2972 τε.
963 2908 1020 2979 τὴν
1039 2906 1198 2973 συνουσίαν

49 3015 51 3019 ’
119 3012 238 3090 πάντες
266 3014 318 3080 καὶ
344 3015 415 3091 τοὺς
443 3014 553 3108 λόγους
580 3014 822 3105 ἀποφεύγουσιν,
844 3015 887 3105 μὴ
906 3010 976 3079 τινὰ
994 3015 1029 3078 ἐκ
1049 3021 1105 3089 ’τῆς
1124 3015 1199 3106 πρὸς

120 3119 253 3197 ἐκείνους
272 3118 392 3213 ὁμιλίας
420 3117 538 3203 βλάόην
561 3113 692 3187 λοίύοίσι·
718 3119 770 3185 καὶ
794 3111 931 3213 δέομενοι
950 3119 978 3185 οἱ
994 3128 1144 3202 τοιοῦτοι,
1156 3124 1198 3186 »οὐ

122 3218 337 3311 δικαιοῦνται,
356 3226 408 3293 καὶ
432 3230 461 3293 ἐν
486 3218 615 3319 οὐδεμιᾷ
637 3227 713 3319 πρὸς
732 3227 854 3303 τούτοις
869 3228 993 3319 ἔχονται
1010 3234 1097 3319 τιμῇ.
1113 3228 1200 3291 llam

123 3324 161 3400 δὲ
185 3341 251 3411 τοῖς
278 3323 439 3426 Δρουίδαις
465 3335 588 3410 τούτοις
616 3330 763 3424 ἐφίςαται
786 3328 826 3410 εἷς
851 3336 973 3413 αὐτῶν,
990 3336 1023 3410 ἐς
1049 3358 1096 3409 τις
1127 3334 1200 3425 παρ’

73 3460 76 3465 “
123 3438 247 3517 ἐκείνοις
269 3438 400 3534 μεγίςην
426 3441 489 3531 ἔχει
513 3432 651 3531 δύναμιν·
671 3441 787 3506 τούτου
810 3430 840 3505 δ’
859 3438 1114 3522 ἀποθανόντος,ὁ
1137 3448 1199 3504 τῶν

124 3544 228 3613 ἄλλων
239 3537 367 3681 δυνρίμιι
381 3549 552 3639 ὑπερέχων,
563 3548 655 3614 αὐτὸν
671 3538 691 3611 δ
694 3536 747 3611 ιαδ
749 3548 864 3637 ἔχεται.
874 3546 914 3611 Εἰ
927 3538 963 3612 δὲ
976 3544 1087 3613 πολλοὶ
1100 3548 1200 3637 ὅμοιοι

124 3651 310 3729 ἀλληλοις
292 3678 364 3735 ωσι,
379 3653 453 3719 τότε
468 3646 540 3726 δηέ
525 3654 577 3719 ἕνα
598 3656 698 3719 αὐτῶν
717 3654 751 3718 ἐκ
778 3664 834 3732 τῆς
853 3655 983 3729 νικώσης
1003 3652 1032 3718 οἱ
1055 3654 1095 3742 Δ
1099 3643 1200 3717 ουιδαι

125 3751 448 3853 αἱροῦνται·ποτέδέ
468 3759 610 3853 περὶτῆς
634 3752 771 3837 ἐξουσίας
793 3762 911 3837 ταύτης
936 3763 1041 3837 όπλοις
1056 3678 1200 3836 ἀλρληλοις
1288 3768 1291 3775 ’

125 3858 346 3958 διαμάχονται.
364 3851 393 3931 0
397 3868 524 3959 ρισμένῳ
509 3787 581 3931 ρδέ
599 3890 658 3931 τινι
677 3875 732 3932 τοῦ
747 3867 835 3941 ἔτους
849 3878 945 3957 καιρῷ
964 3866 1030 3933 οἱΔ
1006 3856 1151 3958 Δρουίδαι
1169 3867 1199 3931 ἐν

123 3998 185 4039 τινι
205 3982 262 4049 τῆς
279 3980 341 4038 τῶν
360 3974 604 4066 Καρνσύτων’
561 3998 681 4065 χωρας,
695 3975 725 4038 ἐν
743 3973 826 4063 μέσῳ
847 3973 948 4050 πόσης
967 3982 1024 4050 τῆς
1032 3892 1201 4048 ρΓαλατίας

125 4083 241 4162 οὐσης,
260 4081 467 4171 κιαταμένουσι
492 4081 591 4164 τόπῳ·
613 4079 665 4145 καὶ
689 4077 821 4145 ἐνταῦθα
845 4079 898 4170 μὲν
921 4080 1054 4161 πάντες,
1079 4078 1107 4145 οἱ
1128 4081 1201 4171 πρὸς

125 4186 277 4263 ἀλλήλους
298 4188 481 4280 ἐγκλήματα
498 4189 639 4279 ἔχοντες,
653 4189 792 4269 συνιᾶσι,
813 4181 866 4253 καὶ
885 4197 925 4280 τῇ
945 4186 1062 4259 ἐκείνων
1081 4184 1201 4254 πείθον-

947 4304 1015 4387 30³
