3000 5025
281 480 591 555 ιιννΕιινειΕε
620 482 852 555 οιννεσωε
879 483 976 556 mn.
1009 486 1035 555 1.
1117 457 1187 561 35}

165 613 298 685 XXIV.
312 616 411 681 Ταῦτ’
429 598 481 682 οὖν
500 614 769 707 κατανοησάμενος
787 622 804 684 ό
823 619 962 712 Καῖσαρ,
977 622 1015 687 τὸ
1034 618 1196 715 ςράτευμα

113 723 173 788 ι’νπὸ
194 723 232 789 τὸ
251 722 380 795 πλησίον
408 722 476 816 ὅρος
501 724 659 817 ὑπάγαγε,
683 722 735 789 καὶ
753 725 810 797 τὴν
836 723 890 816 μὲν
913 727 1005 792 ἵππον
1034 730 1063 792 ἐν
1091 730 1195 817 τούτῳ

112 826 163 895 ἐπὶ
178 830 218 897 τὸ
237 832 294 902 τὴν
313 829 438 921 πρώτην
458 836 519 893 τῶν
538 828 691 920 πολεμίων
711 831 807 924 ὁρμὴν
825 832 957 923 ἐπισχεῖν
976 827 1119 924 ἔπεμψεν.
1135 838 1197 902 Αύ-

113 935 168 1011 τθς
182 926 215 1001 δ’
229 936 261 1000 ἐν
280 935 383 1021 τούτῳ
402 936 431 1000 ἐν
451 936 534 1025 μέσῳ
552 945 599 1022 τῷ
617 935 679 1029 όρει
697 932 739 1001 τὰ
758 936 896 1030 τίτταρα
914 937 1029 1030 ἀρχαῖα
1045 938 1197 1033 τάγματα

111 1042 206 1135 τρίχῇ
226 1031 394 1123 διατάξας,
414 1041 522 1108 ἔπειτα
540 1039 642 1107 ἐπάνω
661 1045 772 1109 ἑαυτοῦ
789 1040 832 1109 τά
856 1045 946 1134 ἕτερα
972 1034 1082 1129 δύο,ἀ
1105 1050 1196 1126 νεωςὶ

112 1148 142 1212 ἐν
161 1155 204 1241 τῇ
230 1131 342 1237 Ῐταλίρι
369 1144 609 1241 κατεγράψατο,
623 1144 797 1242 τάγματα,
816 1144 868 1215 καὶ
894 1154 955 1216 πάν
980 1152 1055 1242 πρὸς
1074 1154 1197 1232 τούτοις

112 1254 150 1320 τὸ
170 1253 367 1346 συμμαχικὸν
387 1255 417 1318 ἐν
442 1260 485 1347 τῇ
502 1253 675 1346 ἀκρωνυχίᾳ
700 1265 757 1321 τοῦ
782 1256 869 1349 ὅρους
894 1256 1022 1340 ἐςησεν,
1048 1261 1110 1334 ώςε
1135 1264 1196 1327 πεῖν

112 1368 210 1425 τοῦτο
231 1359 269 1426 τὸ
289 1360 357 1452 ὅρος
380 1348 499 1451 ἀνδρῶν
527 1360 757 1452 ἀναπληρῶσαι.
785 1364 887 1427 Τοῦτο
913 1352 1198 1457 δέποιησάμενος,

112 1464 164 1533 καὶ
182 1464 291 1531 πάντα
308 1463 351 1532 τά
369 1464 538 1558 σκευοφόρα
556 1464 597 1544 εἰς
619 1468 672 1533 ἕνα
690 1467 786 1535 τόπον
804 1466 1005 1561 συναγείρας,
1024 1474 1089 1547 τοῖς
1108 1472 1137 1536 ἐν
1157 1481 1198 1566 τῇ

111 1580 230 1666 κορυφῇ
245 1578 303 1638 τοῦ
317 1571 403 1663 ὅρους
417 1568 499 1637 οὖσιν
515 1570 597 1638 αὐτὰ
611 1562 830 1664 διαφυλάττειν
844 1575 1057 1668 παράγγειλον.
1072 1561 1115 1641 Εν
1130 1579 1198 1644 τού·

112 1704 159 1763 τῳ
179 1670 211 1743 δ’
232 1677 261 1745 οἱ
278 1662 430 1752 Ελόητιοι
452 1680 529 1744 πᾶσι
553 1678 606 1744 σὺν
634 1683 699 1755 τοῖς
725 1679 917 1774 σκευοφόροις
941 1687 1014 1758 τοὺς
1037 1665 1198 1773 Ῥωμαίους

113 1775 383 1867 καταδιώξαντες,
403 1784 477 1851 τότε
497 1783 550 1875 μὲν
570 1779 652 1850 αὐτὰ
670 1782 710 1862 εἰς
729 1787 782 1851 ἕνα
800 1786 895 1853 τόπον
915 1786 1121 1879 συνύθροισαν·
1142 1793 1199 1855 αὐ·

112 1890 162 1957 τοὶ
188 1881 225 1956 δὲ
255 1888 358 1983 ἀθρόοι
384 1891 441 1964 την
470 1898 532 1955 τῶν
559 1875 709 1981 Ρωμαίων
728 1890 821 1965 ἵππον
849 1887 1056 1985 τρεψάμενοι,
1083 1894 1135 1961 καὶ
1157 1896 1199 1975 είς

113 1996 263 2091 φαλαγκα
283 1998 338 2069 την
362 2006 452 2089 σφῶν
470 1990 557 2073 τάξιν
576 1998 795 2089 ποιησάμενοι,
815 1996 864 2065 ἐπὶ
883 1997 954 2076 τοὺς
977 2002 1117 2093 πρώτους
1136 2012 1199 2068 τῶν

112 2090 267 2196 Ῥωμαίων
288 2106 444 2195 ὥρμησαν.

166 2210 284 2293 XXV,
310 2194 339 2275 0
365 2201 401 2275 δὲ
428 2210 549 2303 Καῖσαρ
568 2218 690 2304 πρῶτον
717 2212 777 2305 μὲν
798 2213 850 2279 τὸν
877 2216 1007 2296 ἑαυτοῦ,
1030 2215 1138 2281 ἔπειτα
1163 2206 1199 2283 δὲ

114 2317 189 2394 τοὺς
208 2314 334 2383 πάντων
353 2324 415 2382 τῶν
430 2311 532 2381 ἀλλων
550 2317 661 2397 ἵππους
680 2309 819 2385 ἐκποδὼν
836 2319 1056 2413 ποιησάμενος,
1069 2323 1119 2388 ἵνα
1131 2321 1199 2389 ἴσου
1262 2381 1265 2385 .

115 2425 185 2516 άμα
194 2424 288 2490 πᾶσιν
306 2422 393 2500 όντος
411 2431 469 2489 τοῦ
486 2413 637 2508 κινδύνου,
652 2416 782 2520 οὐδεμία
800 2428 905 2503 αὐτοῖς
923 2436 1019 2521 φυγῆς
1037 2426 1122 2505 ἐλπὶς
1137 2430 1202 2497 λεί·

114 2555 221 2598 ποιτο·
242 2530 350 2596 ἔπειτα
369 2520 404 2594 δὲ
423 2529 475 2596 καὶ
493 2531 547 2596 τὸν
566 2530 660 2624 θυμὸν
679 2540 741 2598 τῶν
761 2540 942 2624 ςρατιωτῶν
961 2535 1133 2627 ἐπεγείρας,
1148 2537 1200 2603 καὶ

115 2637 164 2706 ἐπὶ
185 2639 245 2710 τὴν
275 2625 402 2702 σύνοδον
432 2636 543 2712 αὐτοὺς
568 2629 747 2731 ἐξοτρύνας,
773 2640 830 2711 τὴν
857 2636 958 2729 μάχην
986 2635 1110 2729 συνῆψε.
1136 2643 1202 2709 Καὶ

113 2751 242 2836 πρῶτον
261 2743 315 2834 μὲν
333 2742 362 2808 οἱ
381 2743 410 2808 ἐν
429 2751 470 2836 τῇ
484 2741 657 2834 ἀκρωνυχίᾳ
674 2728 812 2835 Ρωμαῖοι
828 2738 987 2822 ἠκόντιζόν
1002 2769 1038 2811 τε
1057 2746 1109 2810 καὶ
1127 2749 1200 2815 ἐτό-

115 2843 203 2927 ξευον
224 2847 265 2925 εἰς
284 2848 405 2926 αὐτούς·
433 2852 495 2926 ώςε
520 2849 601 2939 ταχὺ
627 2851 684 2922 την
710 2850 827 2916 ἐκείνων
858 2848 1004 2944 φαλαγγα
1029 2841 1152 2944 διέρρηξ
1191 2883 1200 2897 ·

116 2955 184 3025 ἐπεὶ
198 2947 236 3020 δὲ
248 2949 494 3032 ἐξαναλώσαντες
509 2957 566 3029 τὴν
585 2954 737 3047 πόρρωθεν
752 2956 866 3038 ἀλκὴν,
880 2947 1011 3049 ξιφήρεις
1028 2948 1199 3054 ἐπέδραμον

116 3063 223 3156 σφίσι,
238 3063 343 3148 τούτῳ
358 3061 415 3153 μὲν,
427 3071 483 3128 τοῦ
498 3063 539 3153 μή
554 3053 666 3152 ῥᾳδίως
685 3061 836 3154 μάχεσθαι
851 3061 972 3154 μάλιςα
989 3055 1201 3146 ἐνεποδίζοντο

118 3169 248 3236 Γάλλοι·
269 3171 319 3234 ότι
338 3169 366 3234 οἱ
387 3173 508 3246 πλεῖς-οι
528 3171 628 3234 αὐτῶν
657 3173 713 3260 μιᾷ
737 3171 814 3261 βολῇ
841 3175 963 3236 παλτοῢ
989 3169 1047 3247 τάς
1066 3167 1201 3256 ἀσπίδας

118 3269 366 3368 διατετρημένας
381 3299 417 3340 τε
431 3273 482 3340 καὶ
497 3281 562 3351 τοῖς
577 3275 670 3366 ώμοις
684 3265 930 3368 προσδεδεμένας
944 3277 1083 3368 ἔχοντες,
1094 3280 1202 3349 ἔπειτα

118 3393 178 3459 τῆς
193 3379 307 3472 αἰχμῆς
322 3379 563 3475 ἐγκαμφθείσης,
578 3381 647 3448 ούτε
660 3382 720 3473 μὴν
735 3381 993 3465 ἀποσπάσασθαι,
1008 3383 1079 3449 οὔτε
1091 3411 1126 3479 γε
1143 3399 1201 3467 τῆς

117 3490 264 3582 ἀριςεράς
282 3488 380 3580 χειρὸς
394 3487 624 3578 ἀσχολουμένης,
637 3490 771 3565 εὐπετῶς
785 3479 941 3562 ἠδύναντο
952 3488 1113 3582 μάχεσθαι·
1129 3496 1201 3562 ὥσθ’

119 3597 147 3663 οἱ
171 3592 282 3660 πολλοὶ
302 3593 355 3684 μὲν
384 3595 484 3659 αὐτῶν
502 3593 597 3659 πολὺν
615 3593 723 3686 χρόνον
743 3595 819 3688 πρὸς
837 3595 875 3661 τὸ
894 3595 1132 3664 ἀποσπάσασθαι
1160 3600 1202 3670 τὰ

119 3696 231 3770 παλτὰ
249 3699 311 3766 ἀπὸ
335 3705 397 3765 τῶν
417 3688 555 3767 ἀσπίδων
574 3699 628 3765 τὸν
653 3693 801 3791 ύραχίονα
814 3702 992 3785 σείσαντες,
1016 3703 1073 3780 τάς
1092 3707 1121 3770 τ’
1140 3708 1201 3774 ἀσ-

119 3800 218 3883 πίδας
243 3801 429 3897 ἀπέρριψαν,
448 3807 499 3871 καὶ
524 3803 632 3899 γυμνοὶ
657 3804 837 3897 προείλοντο
856 3807 1016 3900 μάχεσθαι.
1040 3811 1137 3890 Τελος
1165 3805 1201 3884 δὲ

121 3915 295 4008 τραύμασιν
315 3913 528 4005 ἀπειρηκότες,
544 3913 593 3977 ἐπὶ
607 3901 691 3977 πόδα
707 3913 736 3976 τ’
755 3912 945 4004 άνεχάσαντο
957 3968 965 3997 ,
979 3913 1031 3980 καὶ
1045 3919 1120 4008 πρὸς
1132 3921 1201 4013 ὅρος

121 4025 157 4088 οὐ
176 4025 280 4087 πλεῖον
310 4017 469 4111 τεττάρων
497 4009 615 4096 ςαδίὼν
639 4009 753 4109 ἀτίέχυν
772 4019 977 4114 ἀνεχώρησαν.
996 4006 1127 4090 Εκείνων
1146 4010 1200 4120 μὲν

118 4124 173 4194 οὖν
193 4134 289 4192 τοῦτο
309 4125 344 4192 τὸ
366 4125 436 4219 ὅρος
455 4119 716 4208 καταλαύόντινν,
740 4123 792 4192 καὶ
816 4134 878 4192 τῶν
903 4113 1052 4219 Ρωμαίων
1064 4125 1204 4230 ’ἐπιδιωε
