<?xml version="1.0" encoding="UTF-8"?>
<!DOCTYPE html PUBLIC "-//W3C//DTD XHTML 1.0 Transitional//EN"
    "http://www.w3.org/TR/xhtml1/DTD/xhtml1-transitional.dtd">
<html xmlns="http://www.w3.org/1999/xhtml" xml:lang="en" lang="en">
 <head>
  <title>
</title>
<meta http-equiv="Content-Type" content="text/html;charset=utf-8" />
  <meta name='ocr-system' content='tesseract 3.04.00' />
  <meta name='ocr-capabilities' content='ocr_page ocr_carea ocr_par ocr_line ocrx_word'/>
</head>
<body>
  <div class='ocr_page' id='page_1' title='image "./caiusjuliuscsar00unkngoog_0325.png"; bbox 0 0 3000 5025; ppageno 0'>
   <div class='ocr_carea' id='block_1_1' title="bbox 279 462 972 563">
    <p class='ocr_par' dir='ltr' id='par_1_1' title="bbox 279 462 972 563">
     <span class='ocr_line' id='line_1_1' title="bbox 279 462 972 563; baseline -0.009 -27"><span class='ocrx_word' id='word_1_1' title='bbox 279 464 354 563; x_wconf 76' lang='lat'>296</span> <span class='ocrx_word' id='word_1_2' title='bbox 656 462 972 542; x_wconf 76' lang='grc' dir='ltr'>Ροιιτλιιοειι</span> 
     </span>
    </p>
   </div>
   <div class='ocr_carea' id='block_1_2' title="bbox 173 588 1374 3565">
    <p class='ocr_par' dir='ltr' id='par_1_2' title="bbox 269 588 1366 1837">
     <span class='ocr_line' id='line_1_2' title="bbox 277 588 1366 697; baseline -0.003 -29"><span class='ocrx_word' id='word_1_3' title='bbox 277 604 361 697; x_wconf 74' lang='grc' dir='ltr'>μέσῳ</span> <span class='ocrx_word' id='word_1_4' title='bbox 374 602 550 690; x_wconf 79' lang='grc' dir='ltr'>τολμῶντες</span> <span class='ocrx_word' id='word_1_5' title='bbox 566 588 741 680; x_wconf 74' lang='grc' dir='ltr'>ἤδη,τλήν</span> <span class='ocrx_word' id='word_1_6' title='bbox 764 598 823 663; x_wconf 85' lang='grc' dir='ltr'>ὑπὸ</span> <span class='ocrx_word' id='word_1_7' title='bbox 844 594 1011 690; x_wconf 87' lang='grc' dir='ltr'>μοναρχίας</span> <span class='ocrx_word' id='word_1_8' title='bbox 1032 596 1181 674; x_wconf 78' lang='grc' dir='ltr'>ἀνύκεςον</span> <span class='ocrx_word' id='word_1_9' title='bbox 1203 591 1279 663; x_wconf 75' lang='grc' dir='ltr'>εἶναι</span> <span class='ocrx_word' id='word_1_10' title='bbox 1299 601 1366 673; x_wconf 52' lang='grc' dir='ltr'>τὴνΧ</span> 
     </span>
     <span class='ocr_line' id='line_1_3' title="bbox 276 702 1356 796; baseline -0.002 -23"><span class='ocrx_word' id='word_1_11' title='bbox 276 703 452 788; x_wconf 77' lang='grc' dir='ltr'>πολιτείαν,</span> <span class='ocrx_word' id='word_1_12' title='bbox 467 704 519 771; x_wconf 84' lang='grc' dir='ltr'>καὶ</span> <span class='ocrx_word' id='word_1_13' title='bbox 542 703 580 769; x_wconf 88' lang='grc' dir='ltr'>τὸ</span> <span class='ocrx_word' id='word_1_14' title='bbox 599 710 758 795; x_wconf 85' lang='grc' dir='ltr'>φάρμακον</span> <span class='ocrx_word' id='word_1_15' title='bbox 780 712 874 770; x_wconf 89' lang='grc' dir='ltr'>τοῦτο</span> <span class='ocrx_word' id='word_1_16' title='bbox 887 713 998 795; x_wconf 80' lang='grc' dir='ltr'>χρῆναι</span> <span class='ocrx_word' id='word_1_17' title='bbox 1013 713 1069 770; x_wconf 89' lang='grc' dir='ltr'>τοῦ</span> <span class='ocrx_word' id='word_1_18' title='bbox 1088 702 1271 796; x_wconf 74' lang='grc' dir='ltr'>πρᾳοτάτου</span> <span class='ocrx_word' id='word_1_19' title='bbox 1292 712 1356 771; x_wconf 88' lang='grc' dir='ltr'>τῶν</span> 
     </span>
     <span class='ocr_line' id='line_1_4' title="bbox 274 802 1355 906; baseline -0.001 -28"><span class='ocrx_word' id='word_1_20' title='bbox 274 813 386 906; x_wconf 83' lang='grc' dir='ltr'>ἰατρῶν</span> <span class='ocrx_word' id='word_1_21' title='bbox 406 809 590 901; x_wconf 80' lang='grc' dir='ltr'>ἀνασχέσθαι</span> <span class='ocrx_word' id='word_1_22' title='bbox 608 811 842 903; x_wconf 84' lang='grc' dir='ltr'>προσφέροντος·</span> <span class='ocrx_word' id='word_1_23' title='bbox 859 802 1088 887; x_wconf 77' lang='grc' dir='ltr'>ὑποδηλοῦντες</span> <span class='ocrx_word' id='word_1_24' title='bbox 1107 811 1161 877; x_wconf 81' lang='grc' dir='ltr'>τὸν</span> <span class='ocrx_word' id='word_1_25' title='bbox 1177 812 1355 902; x_wconf 74' lang='grc' dir='ltr'>Πομπάίον.</span> 
     </span>
     <span class='ocr_line' id='line_1_5' title="bbox 274 906 1357 1012; baseline -0.002 -27"><span class='ocrx_word' id='word_1_26' title='bbox 274 906 353 987; x_wconf 74' lang='grc' dir='ltr'>Επεὶ</span> <span class='ocrx_word' id='word_1_27' title='bbox 381 909 416 983; x_wconf 90' lang='grc' dir='ltr'>δέ</span> <span class='ocrx_word' id='word_1_28' title='bbox 444 913 595 1008; x_wconf 73' lang='grc' dir='ltr'>κάκεῖνος,</span> <span class='ocrx_word' id='word_1_29' title='bbox 616 917 700 1011; x_wconf 85' lang='grc' dir='ltr'>λόγῳ</span> <span class='ocrx_word' id='word_1_30' title='bbox 728 915 943 1007; x_wconf 83' lang='grc' dir='ltr'>παραιτεῖσθαι</span> <span class='ocrx_word' id='word_1_31' title='bbox 969 908 1251 1008; x_wconf 74' lang='grc' dir='ltr'>καλλωπιζόμενος,</span> <span class='ocrx_word' id='word_1_32' title='bbox 1277 910 1357 1012; x_wconf 79' lang='grc' dir='ltr'>ἔργῳ</span> 
     </span>
     <span class='ocr_line' id='line_1_6' title="bbox 272 1014 1356 1116; baseline -0.004 -23"><span class='ocrx_word' id='word_1_33' title='bbox 272 1024 389 1102; x_wconf 89' lang='grc' dir='ltr'>παντὸς</span> <span class='ocrx_word' id='word_1_34' title='bbox 403 1028 521 1115; x_wconf 80' lang='grc' dir='ltr'>μᾶλλον</span> <span class='ocrx_word' id='word_1_35' title='bbox 540 1024 691 1115; x_wconf 79' lang='grc' dir='ltr'>ἐπέραινεν</span> <span class='ocrx_word' id='word_1_36' title='bbox 711 1016 743 1100; x_wconf 78' lang='grc' dir='ltr'>ἐξ</span> <span class='ocrx_word' id='word_1_37' title='bbox 761 1020 801 1089; x_wconf 87' lang='grc' dir='ltr'>ὧν</span> <span class='ocrx_word' id='word_1_38' title='bbox 815 1014 1068 1114; x_wconf 66' lang='grc' dir='ltr'>ἀναδειχθήσοιτο</span> <span class='ocrx_word' id='word_1_39' title='bbox 1083 1014 1261 1116; x_wconf 73' lang='grc' dir='ltr'>δικτάτωρ,</span> <span class='ocrx_word' id='word_1_40' title='bbox 1276 1049 1356 1116; x_wconf 88' lang='grc' dir='ltr'>συμ-</span> 
     </span>
     <span class='ocr_line' id='line_1_7' title="bbox 272 1128 1355 1224; baseline -0.004 -25"><span class='ocrx_word' id='word_1_41' title='bbox 272 1134 477 1223; x_wconf 64' lang='grc' dir='ltr'>φρονήσαντες</span> <span class='ocrx_word' id='word_1_42' title='bbox 502 1130 530 1196; x_wconf 85' lang='grc' dir='ltr'>οἱ</span> <span class='ocrx_word' id='word_1_43' title='bbox 554 1129 622 1222; x_wconf 89' lang='grc' dir='ltr'>περὶ</span> <span class='ocrx_word' id='word_1_44' title='bbox 643 1128 799 1211; x_wconf 85' lang='grc' dir='ltr'>Κάτωνα,</span> <span class='ocrx_word' id='word_1_45' title='bbox 817 1128 954 1197; x_wconf 88' lang='grc' dir='ltr'>πείθουσι</span> <span class='ocrx_word' id='word_1_46' title='bbox 978 1132 1035 1203; x_wconf 74' lang='grc' dir='ltr'>τὴν</span> <span class='ocrx_word' id='word_1_47' title='bbox 1057 1128 1214 1224; x_wconf 83' lang='grc' dir='ltr'>γερουσίαν</span> <span class='ocrx_word' id='word_1_48' title='bbox 1235 1132 1355 1197; x_wconf 82' lang='grc' dir='ltr'>ὕπατον</span> 
     </span>
     <span class='ocr_line' id='line_1_8' title="bbox 273 1227 1356 1331; baseline -0.001 -26"><span class='ocrx_word' id='word_1_49' title='bbox 273 1239 367 1305; x_wconf 82' lang='grc' dir='ltr'>αὐτὸν</span> <span class='ocrx_word' id='word_1_50' title='bbox 382 1228 544 1313; x_wconf 80' lang='grc' dir='ltr'>ἀποδεῖξαι</span> <span class='ocrx_word' id='word_1_51' title='bbox 559 1237 665 1327; x_wconf 92' lang='grc' dir='ltr'>μόνον,</span> <span class='ocrx_word' id='word_1_52' title='bbox 681 1242 720 1313; x_wconf 87' lang='grc' dir='ltr'>ὡς</span> <span class='ocrx_word' id='word_1_53' title='bbox 735 1238 786 1327; x_wconf 79' lang='grc' dir='ltr'>μή.</span> <span class='ocrx_word' id='word_1_54' title='bbox 795 1237 938 1319; x_wconf 87' lang='grc' dir='ltr'>βιάσαιτο</span> <span class='ocrx_word' id='word_1_55' title='bbox 953 1227 1113 1329; x_wconf 80' lang='grc' dir='ltr'>δικτάτωρ</span> <span class='ocrx_word' id='word_1_56' title='bbox 1127 1234 1282 1331; x_wconf 86' lang='grc' dir='ltr'>γενέσθαι,</span> <span class='ocrx_word' id='word_1_57' title='bbox 1303 1262 1356 1304; x_wconf 92' lang='grc' dir='ltr'>νο-</span> 
     </span>
     <span class='ocr_line' id='line_1_9' title="bbox 273 1334 1357 1437; baseline 0.001 -29"><span class='ocrx_word' id='word_1_58' title='bbox 273 1344 433 1437; x_wconf 77' lang='grc' dir='ltr'>μιμωτέρᾳ</span> <span class='ocrx_word' id='word_1_59' title='bbox 453 1340 604 1435; x_wconf 80' lang='grc' dir='ltr'>μοναρχία</span> <span class='ocrx_word' id='word_1_60' title='bbox 617 1342 848 1437; x_wconf 85' lang='grc' dir='ltr'>παρηγορηθείς.</span> <span class='ocrx_word' id='word_1_61' title='bbox 864 1334 953 1408; x_wconf 84' lang='grc' dir='ltr'>Οίδέ</span> <span class='ocrx_word' id='word_1_62' title='bbox 966 1341 1018 1410; x_wconf 87' lang='grc' dir='ltr'>καὶ</span> <span class='ocrx_word' id='word_1_63' title='bbox 1035 1344 1142 1435; x_wconf 90' lang='grc' dir='ltr'>χρόνον</span> <span class='ocrx_word' id='word_1_64' title='bbox 1164 1338 1357 1433; x_wconf 77' lang='grc' dir='ltr'>ἐψηφίσαντο</span> 
     </span>
     <span class='ocr_line' id='line_1_10' title="bbox 269 1434 1352 1542; baseline -0.003 -24"><span class='ocrx_word' id='word_1_65' title='bbox 269 1458 331 1518; x_wconf 87' lang='grc' dir='ltr'>τῶν</span> <span class='ocrx_word' id='word_1_66' title='bbox 347 1454 510 1542; x_wconf 81' lang='grc' dir='ltr'>ἐπαρχιῶν.</span> <span class='ocrx_word' id='word_1_67' title='bbox 532 1450 591 1515; x_wconf 90' lang='grc' dir='ltr'>Δύο</span> <span class='ocrx_word' id='word_1_68' title='bbox 607 1440 637 1515; x_wconf 87' lang='grc' dir='ltr'>δ’</span> <span class='ocrx_word' id='word_1_69' title='bbox 651 1444 743 1541; x_wconf 79' lang='grc' dir='ltr'>εἶχεν,</span> <span class='ocrx_word' id='word_1_70' title='bbox 763 1434 886 1541; x_wconf 73' lang='grc' dir='ltr'>ίύηρίαν</span> <span class='ocrx_word' id='word_1_71' title='bbox 909 1447 961 1516; x_wconf 85' lang='grc' dir='ltr'>καὶ</span> <span class='ocrx_word' id='word_1_72' title='bbox 978 1442 1088 1523; x_wconf 76' lang='grc' dir='ltr'>Διθύην</span> <span class='ocrx_word' id='word_1_73' title='bbox 1110 1451 1300 1541; x_wconf 88' lang='grc' dir='ltr'>σύμπασαν,</span> <span class='ocrx_word' id='word_1_74' title='bbox 1315 1445 1352 1528; x_wconf 87' lang='grc' dir='ltr'>ἀς</span> 
     </span>
     <span class='ocr_line' id='line_1_11' title="bbox 272 1549 1358 1649; baseline 0 -26"><span class='ocrx_word' id='word_1_75' title='bbox 272 1549 376 1643; x_wconf 81' lang='grc' dir='ltr'>διῴκει</span> <span class='ocrx_word' id='word_1_76' title='bbox 402 1551 593 1649; x_wconf 76' lang='grc' dir='ltr'>πρεσόευτάς</span> <span class='ocrx_word' id='word_1_77' title='bbox 621 1556 821 1639; x_wconf 82' lang='grc' dir='ltr'>ἀποςελλων,</span> <span class='ocrx_word' id='word_1_78' title='bbox 844 1556 896 1623; x_wconf 89' lang='grc' dir='ltr'>καὶ</span> <span class='ocrx_word' id='word_1_79' title='bbox 922 1558 1127 1648; x_wconf 78' lang='grc' dir='ltr'>ςρατεύματα</span> <span class='ocrx_word' id='word_1_80' title='bbox 1152 1557 1295 1646; x_wconf 83' lang='grc' dir='ltr'>τρέφων,</span> <span class='ocrx_word' id='word_1_81' title='bbox 1314 1554 1358 1636; x_wconf 81' lang='grc' dir='ltr'>οἷς</span> 
     </span>
     <span class='ocr_line' id='line_1_12' title="bbox 270 1654 1351 1755; baseline -0.001 -25"><span class='ocrx_word' id='word_1_82' title='bbox 270 1658 439 1755; x_wconf 76' lang='grc' dir='ltr'>ἐλάμύανεν</span> <span class='ocrx_word' id='word_1_83' title='bbox 453 1667 486 1729; x_wconf 85' lang='grc' dir='ltr'>ἐκ</span> <span class='ocrx_word' id='word_1_84' title='bbox 503 1672 559 1729; x_wconf 89' lang='grc' dir='ltr'>τοῦ</span> <span class='ocrx_word' id='word_1_85' title='bbox 574 1654 724 1755; x_wconf 88' lang='grc' dir='ltr'>δημοσίου</span> <span class='ocrx_word' id='word_1_86' title='bbox 739 1662 866 1755; x_wconf 86' lang='grc' dir='ltr'>ταμείου</span> <span class='ocrx_word' id='word_1_87' title='bbox 880 1661 965 1755; x_wconf 89' lang='grc' dir='ltr'>χίλια</span> <span class='ocrx_word' id='word_1_88' title='bbox 978 1660 1141 1729; x_wconf 84' lang='grc' dir='ltr'>τάλανται</span> <span class='ocrx_word' id='word_1_89' title='bbox 1154 1662 1221 1729; x_wconf 79' lang='grc' dir='ltr'>καθ’</span> <span class='ocrx_word' id='word_1_90' title='bbox 1235 1666 1351 1741; x_wconf 82' lang='grc' dir='ltr'>ἐκαςον</span> 
     </span>
     <span class='ocr_line' id='line_1_13' title="bbox 271 1759 981 1837; baseline -0.003 0"><span class='ocrx_word' id='word_1_91' title='bbox 271 1771 419 1837; x_wconf 90' lang='grc' dir='ltr'>ἐνιαυτόν.</span> <span class='ocrx_word' id='word_1_92' title='bbox 979 1759 981 1764; x_wconf 46' lang='grc'><strong>’</strong></span> 
     </span>
    </p>

    <p class='ocr_par' dir='ltr' id='par_1_3' title="bbox 173 1862 1374 3565">
     <span class='ocr_line' id='line_1_14' title="bbox 324 1862 1354 1969; baseline 0 -26"><span class='ocrx_word' id='word_1_93' title='bbox 324 1878 453 1943; x_wconf 90' lang='grc' dir='ltr'>ΧΧΙΧ.</span> <span class='ocrx_word' id='word_1_94' title='bbox 469 1862 517 1943; x_wconf 64' lang='lat' dir='ltr'>Ex</span> <span class='ocrx_word' id='word_1_95' title='bbox 536 1878 649 1943; x_wconf 90' lang='grc' dir='ltr'>τούτου</span> <span class='ocrx_word' id='word_1_96' title='bbox 670 1879 792 1969; x_wconf 86' lang='grc' dir='ltr'>Καῖσαρ</span> <span class='ocrx_word' id='word_1_97' title='bbox 812 1875 960 1944; x_wconf 86' lang='grc' dir='ltr'>ὑπατείαν</span> <span class='ocrx_word' id='word_1_98' title='bbox 985 1878 1099 1967; x_wconf 82' lang='grc' dir='ltr'>ἐμνᾶτο</span> <span class='ocrx_word' id='word_1_99' title='bbox 1124 1876 1279 1968; x_wconf 80' lang='grc' dir='ltr'>πέμπων,</span> <span class='ocrx_word' id='word_1_100' title='bbox 1300 1876 1354 1943; x_wconf 83' lang='grc' dir='ltr'>καὶ</span> 
     </span>
     <span class='ocr_line' id='line_1_15' title="bbox 272 1974 1356 2075; baseline 0 -26"><span class='ocrx_word' id='word_1_101' title='bbox 272 1982 379 2074; x_wconf 89' lang='grc' dir='ltr'>χρόνον</span> <span class='ocrx_word' id='word_1_102' title='bbox 390 1981 501 2074; x_wconf 87' lang='grc' dir='ltr'>ὁμοίως</span> <span class='ocrx_word' id='word_1_103' title='bbox 513 1994 575 2047; x_wconf 87' lang='grc' dir='ltr'>τῶν</span> <span class='ocrx_word' id='word_1_104' title='bbox 588 1974 672 2048; x_wconf 82' lang='grc' dir='ltr'>ἰδίων</span> <span class='ocrx_word' id='word_1_105' title='bbox 686 1986 850 2075; x_wconf 80' lang='grc' dir='ltr'>ἐπαρχιῶν.</span> <span class='ocrx_word' id='word_1_106' title='bbox 861 1984 907 2051; x_wconf 86' lang='grc' dir='ltr'>Τὸ</span> <span class='ocrx_word' id='word_1_107' title='bbox 923 1983 977 2075; x_wconf 86' lang='grc' dir='ltr'>μὲν</span> <span class='ocrx_word' id='word_1_108' title='bbox 987 1979 1038 2049; x_wconf 78' lang='grc' dir='ltr'>οὖν</span> <span class='ocrx_word' id='word_1_109' title='bbox 1051 1988 1174 2074; x_wconf 88' lang='grc' dir='ltr'>πρῶτον</span> <span class='ocrx_word' id='word_1_110' title='bbox 1186 1980 1356 2075; x_wconf 85' lang='grc' dir='ltr'>Πομπηίου</span> 
     </span>
     <span class='ocr_line' id='line_1_16' title="bbox 271 2088 1357 2181; baseline 0.001 -27"><span class='ocrx_word' id='word_1_111' title='bbox 271 2098 465 2171; x_wconf 88' lang='grc' dir='ltr'>σιωπῶντος,</span> <span class='ocrx_word' id='word_1_112' title='bbox 475 2090 503 2155; x_wconf 86' lang='grc' dir='ltr'>οἱ</span> <span class='ocrx_word' id='word_1_113' title='bbox 517 2088 585 2180; x_wconf 85' lang='grc' dir='ltr'>περὶ</span> <span class='ocrx_word' id='word_1_114' title='bbox 594 2089 775 2180; x_wconf 88' lang='grc' dir='ltr'>Μάρκελλον</span> <span class='ocrx_word' id='word_1_115' title='bbox 792 2088 843 2155; x_wconf 83' lang='grc' dir='ltr'>καὶ</span> <span class='ocrx_word' id='word_1_116' title='bbox 857 2092 992 2165; x_wconf 82' lang='grc' dir='ltr'>Λέντλον</span> <span class='ocrx_word' id='word_1_117' title='bbox 1007 2094 1222 2173; x_wconf 75' lang='grc' dir='ltr'>ηναντιοῦντο,</span> <span class='ocrx_word' id='word_1_118' title='bbox 1234 2100 1357 2181; x_wconf 88' lang='grc' dir='ltr'>μισοῦν-</span> 
     </span>
     <span class='ocr_line' id='line_1_17' title="bbox 271 2187 1356 2291; baseline 0.001 -30"><span class='ocrx_word' id='word_1_119' title='bbox 271 2221 322 2271; x_wconf 89' lang='grc' dir='ltr'>τες</span> <span class='ocrx_word' id='word_1_120' title='bbox 340 2192 441 2271; x_wconf 78' lang='grc' dir='ltr'>άλλως</span> <span class='ocrx_word' id='word_1_121' title='bbox 460 2193 619 2283; x_wconf 85' lang='grc' dir='ltr'>Καίσαρα,</span> <span class='ocrx_word' id='word_1_122' title='bbox 637 2194 688 2261; x_wconf 89' lang='grc' dir='ltr'>καὶ</span> <span class='ocrx_word' id='word_1_123' title='bbox 708 2204 773 2273; x_wconf 85' lang='grc' dir='ltr'>τοῖς</span> <span class='ocrx_word' id='word_1_124' title='bbox 794 2187 980 2291; x_wconf 80' lang='grc' dir='ltr'>ἀναγκαίοις</span> <span class='ocrx_word' id='word_1_125' title='bbox 996 2199 1052 2261; x_wconf 84' lang='grc' dir='ltr'>οὐκ</span> <span class='ocrx_word' id='word_1_126' title='bbox 1072 2195 1224 2289; x_wconf 87' lang='grc' dir='ltr'>ἀναγκαῖα</span> <span class='ocrx_word' id='word_1_127' title='bbox 1240 2222 1356 2288; x_wconf 83' lang='grc' dir='ltr'>προςε-</span> 
     </span>
     <span class='ocr_line' id='line_1_18' title="bbox 272 2299 1355 2397; baseline 0.002 -30"><span class='ocrx_word' id='word_1_128' title='bbox 272 2300 427 2377; x_wconf 77' lang='grc' dir='ltr'>θέντεςείς</span> <span class='ocrx_word' id='word_1_129' title='bbox 449 2299 573 2392; x_wconf 83' lang='grc' dir='ltr'>ἀτιμίαν</span> <span class='ocrx_word' id='word_1_130' title='bbox 593 2304 688 2367; x_wconf 79' lang='grc' dir='ltr'>αὐτοῦ</span> <span class='ocrx_word' id='word_1_131' title='bbox 705 2300 757 2367; x_wconf 87' lang='grc' dir='ltr'>καὶ</span> <span class='ocrx_word' id='word_1_132' title='bbox 771 2303 1037 2393; x_wconf 87' lang='grc' dir='ltr'>προπηλακισμόν.</span> <span class='ocrx_word' id='word_1_133' title='bbox 1052 2300 1254 2395; x_wconf 86' lang='grc' dir='ltr'>Νεοκωμίτας</span> <span class='ocrx_word' id='word_1_134' title='bbox 1267 2300 1279 2325; x_wconf 84' lang='lat'>²</span> <span class='ocrx_word' id='word_1_135' title='bbox 1294 2301 1355 2397; x_wconf 84' lang='grc' dir='ltr'>γὰρ</span> 
     </span>
     <span class='ocr_line' id='line_1_19' title="bbox 273 2405 1355 2503; baseline 0.004 -31"><span class='ocrx_word' id='word_1_136' title='bbox 273 2409 400 2500; x_wconf 78' lang='grc' dir='ltr'>ἔναγχος</span> <span class='ocrx_word' id='word_1_137' title='bbox 425 2407 483 2472; x_wconf 79' lang='grc' dir='ltr'>ὑπὸ</span> <span class='ocrx_word' id='word_1_138' title='bbox 513 2405 668 2500; x_wconf 88' lang='grc' dir='ltr'>Καίσαρος</span> <span class='ocrx_word' id='word_1_139' title='bbox 693 2410 722 2473; x_wconf 92' lang='grc' dir='ltr'>ἐν</span> <span class='ocrx_word' id='word_1_140' title='bbox 746 2407 888 2498; x_wconf 83' lang='grc' dir='ltr'>Γαλατίᾳ</span> <span class='ocrx_word' id='word_1_141' title='bbox 908 2410 1154 2501; x_wconf 79' lang='grc' dir='ltr'>κατῳκισμένους</span> <span class='ocrx_word' id='word_1_142' title='bbox 1179 2408 1355 2503; x_wconf 73' lang='grc' dir='ltr'>ἀφῃροῦντο</span> 
     </span>
     <span class='ocr_line' id='line_1_20' title="bbox 272 2511 1355 2606; baseline 0.005 -28"><span class='ocrx_word' id='word_1_143' title='bbox 272 2525 328 2590; x_wconf 79' lang='grc' dir='ltr'>τῆς</span> <span class='ocrx_word' id='word_1_144' title='bbox 341 2511 509 2590; x_wconf 86' lang='grc' dir='ltr'>πολιτείας·</span> <span class='ocrx_word' id='word_1_145' title='bbox 530 2513 581 2580; x_wconf 87' lang='grc' dir='ltr'>καὶ</span> <span class='ocrx_word' id='word_1_146' title='bbox 597 2515 780 2606; x_wconf 88' lang='grc' dir='ltr'>Μάρκελλος</span> <span class='ocrx_word' id='word_1_147' title='bbox 793 2518 970 2599; x_wconf 80' lang='grc' dir='ltr'>ὑπατεύων,</span> <span class='ocrx_word' id='word_1_148' title='bbox 991 2519 1045 2582; x_wconf 76' lang='grc' dir='ltr'>ἕνα</span> <span class='ocrx_word' id='word_1_149' title='bbox 1064 2525 1131 2582; x_wconf 86' lang='grc' dir='ltr'>τῶν</span> <span class='ocrx_word' id='word_1_150' title='bbox 1143 2518 1206 2582; x_wconf 85' lang='grc' dir='ltr'>ἐκεῖ</span> <span class='ocrx_word' id='word_1_151' title='bbox 1224 2520 1355 2601; x_wconf 87' lang='grc' dir='ltr'>βουλευ-</span> 
     </span>
     <span class='ocr_line' id='line_1_21' title="bbox 173 2603 1374 2716; baseline 0.004 -31"><span class='ocrx_word' id='word_1_152' title='bbox 173 2611 178 2619; x_wconf 59' lang='grc'><strong>’</strong></span> <span class='ocrx_word' id='word_1_153' title='bbox 272 2631 351 2704; x_wconf 89' lang='grc' dir='ltr'>τῶν,</span> <span class='ocrx_word' id='word_1_154' title='bbox 366 2619 406 2715; x_wconf 78' lang='grc' dir='ltr'>είς</span> <span class='ocrx_word' id='word_1_155' title='bbox 420 2603 530 2710; x_wconf 63' lang='grc' dir='ltr'>ῥώμην</span> <span class='ocrx_word' id='word_1_156' title='bbox 544 2621 742 2712; x_wconf 86' lang='grc' dir='ltr'>ἀφικόμενον,</span> <span class='ocrx_word' id='word_1_157' title='bbox 756 2622 846 2713; x_wconf 74' lang='grc' dir='ltr'>ᾔκιςο</span> <span class='ocrx_word' id='word_1_158' title='bbox 863 2615 1003 2713; x_wconf 73' lang='grc' dir='ltr'>ράάδοις,</span> <span class='ocrx_word' id='word_1_159' title='bbox 1016 2623 1180 2716; x_wconf 91' lang='grc' dir='ltr'>ἐπιλέγων,</span> <span class='ocrx_word' id='word_1_160' title='bbox 1195 2629 1234 2700; x_wconf 89' lang='grc' dir='ltr'>ὡς</span> <span class='ocrx_word' id='word_1_161' title='bbox 1248 2632 1355 2690; x_wconf 87' lang='grc' dir='ltr'>ταῦτα</span> <span class='ocrx_word' id='word_1_162' title='bbox 1371 2685 1374 2689; x_wconf 93' lang='grc'><em>.</em></span> 
     </span>
     <span class='ocr_line' id='line_1_22' title="bbox 272 2710 1355 2821; baseline 0.005 -29"><span class='ocrx_word' id='word_1_163' title='bbox 272 2737 329 2792; x_wconf 89' lang='grc' dir='ltr'>τοῦ</span> <span class='ocrx_word' id='word_1_164' title='bbox 350 2729 392 2818; x_wconf 77' lang='grc' dir='ltr'>μὴ</span> <span class='ocrx_word' id='word_1_165' title='bbox 411 2710 554 2815; x_wconf 64' lang='grc' dir='ltr'>Ῥωμαῖον</span> <span class='ocrx_word' id='word_1_166' title='bbox 575 2721 841 2820; x_wconf 62' lang='grc' dir='ltr'>εἷναιιπαράσημα</span> <span class='ocrx_word' id='word_1_167' title='bbox 855 2729 1053 2821; x_wconf 88' lang='grc' dir='ltr'>προστίθησιν</span> <span class='ocrx_word' id='word_1_168' title='bbox 1077 2733 1181 2815; x_wconf 78' lang='grc' dir='ltr'>αὐτῷ,</span> <span class='ocrx_word' id='word_1_169' title='bbox 1194 2727 1245 2794; x_wconf 83' lang='grc' dir='ltr'>καὶ</span> <span class='ocrx_word' id='word_1_170' title='bbox 1269 2721 1355 2798; x_wconf 81' lang='grc' dir='ltr'>δεικ-</span> 
     </span>
     <span class='ocr_line' id='line_1_23' title="bbox 272 2825 1354 2926; baseline 0.005 -28"><span class='ocrx_word' id='word_1_171' title='bbox 272 2835 349 2898; x_wconf 88' lang='grc' dir='ltr'>νύειν</span> <span class='ocrx_word' id='word_1_172' title='bbox 363 2833 497 2900; x_wconf 82' lang='grc' dir='ltr'>ἀπιόντα</span> <span class='ocrx_word' id='word_1_173' title='bbox 514 2832 650 2925; x_wconf 86' lang='grc' dir='ltr'>Καίσαρι</span> <span class='ocrx_word' id='word_1_174' title='bbox 662 2835 791 2900; x_wconf 85' lang='grc' dir='ltr'>ἐκέλευε.</span> <span class='ocrx_word' id='word_1_175' title='bbox 809 2834 903 2900; x_wconf 77' lang='grc' dir='ltr'>Μετὰ</span> <span class='ocrx_word' id='word_1_176' title='bbox 924 2826 959 2900; x_wconf 84' lang='grc' dir='ltr'>δὲ</span> <span class='ocrx_word' id='word_1_177' title='bbox 974 2834 1177 2926; x_wconf 85' lang='grc' dir='ltr'>Μάρκελλον,</span> <span class='ocrx_word' id='word_1_178' title='bbox 1191 2825 1253 2909; x_wconf 77' lang='grc' dir='ltr'>ἤδη</span> <span class='ocrx_word' id='word_1_179' title='bbox 1272 2835 1354 2903; x_wconf 88' lang='grc' dir='ltr'>Καί-</span> 
     </span>
     <span class='ocr_line' id='line_1_24' title="bbox 273 2929 1351 3033; baseline 0.004 -29"><span class='ocrx_word' id='word_1_180' title='bbox 273 2965 364 3030; x_wconf 90' lang='grc' dir='ltr'>σαρος</span> <span class='ocrx_word' id='word_1_181' title='bbox 382 2941 436 3006; x_wconf 82' lang='grc' dir='ltr'>τὸν</span> <span class='ocrx_word' id='word_1_182' title='bbox 464 2940 637 3006; x_wconf 80' lang='grc' dir='ltr'>Γαλατικὸν</span> <span class='ocrx_word' id='word_1_183' title='bbox 659 2929 794 3007; x_wconf 87' lang='grc' dir='ltr'>πλοῦτον</span> <span class='ocrx_word' id='word_1_184' title='bbox 813 2940 955 3033; x_wconf 81' lang='grc' dir='ltr'>ἀρύεσθαι</span> <span class='ocrx_word' id='word_1_185' title='bbox 977 2932 1070 3033; x_wconf 80' lang='grc' dir='ltr'>ῥύδην</span> <span class='ocrx_word' id='word_1_186' title='bbox 1094 2941 1256 3032; x_wconf 89' lang='grc' dir='ltr'>ἀφεικότος</span> <span class='ocrx_word' id='word_1_187' title='bbox 1275 2946 1351 3010; x_wconf 76' lang='grc' dir='ltr'>πᾶσι</span> 
     </span>
     <span class='ocr_line' id='line_1_25' title="bbox 271 3039 1352 3139; baseline 0.003 -29"><span class='ocrx_word' id='word_1_188' title='bbox 271 3054 336 3122; x_wconf 82' lang='grc' dir='ltr'>τοῖς</span> <span class='ocrx_word' id='word_1_189' title='bbox 362 3047 626 3135; x_wconf 80' lang='grc' dir='ltr'>πολιτευομένοις,</span> <span class='ocrx_word' id='word_1_190' title='bbox 644 3047 696 3112; x_wconf 87' lang='grc' dir='ltr'>καὶ</span> <span class='ocrx_word' id='word_1_191' title='bbox 718 3047 880 3138; x_wconf 88' lang='grc' dir='ltr'>Κουρίωνα</span> <span class='ocrx_word' id='word_1_192' title='bbox 904 3048 957 3138; x_wconf 82' lang='grc' dir='ltr'>μὲν</span> <span class='ocrx_word' id='word_1_193' title='bbox 982 3039 1205 3139; x_wconf 83' lang='grc' dir='ltr'>δημαρχοῦντα</span> <span class='ocrx_word' id='word_1_194' title='bbox 1228 3054 1352 3116; x_wconf 87' lang='grc' dir='ltr'>πολλῶν</span> 
     </span>
     <span class='ocr_line' id='line_1_26' title="bbox 272 3142 1352 3244; baseline 0.003 -26"><span class='ocrx_word' id='word_1_195' title='bbox 272 3149 525 3243; x_wconf 83' lang='grc' dir='ltr'>ἐλευθερώσαντος</span> <span class='ocrx_word' id='word_1_196' title='bbox 551 3142 697 3236; x_wconf 83' lang='grc' dir='ltr'>δανείων,</span> <span class='ocrx_word' id='word_1_197' title='bbox 721 3156 839 3237; x_wconf 83' lang='grc' dir='ltr'>Παύλῳ</span> <span class='ocrx_word' id='word_1_198' title='bbox 858 3145 911 3235; x_wconf 86' lang='grc' dir='ltr'>δὲ,</span> <span class='ocrx_word' id='word_1_199' title='bbox 938 3153 1049 3239; x_wconf 79' lang='grc' dir='ltr'>ὑπάτῳ</span> <span class='ocrx_word' id='word_1_200' title='bbox 1075 3154 1161 3237; x_wconf 87' lang='grc' dir='ltr'>όντι,</span> <span class='ocrx_word' id='word_1_201' title='bbox 1185 3153 1272 3244; x_wconf 87' lang='grc' dir='ltr'>χίλια</span> <span class='ocrx_word' id='word_1_202' title='bbox 1300 3153 1352 3221; x_wconf 87' lang='grc' dir='ltr'>καὶ</span> 
     </span>
     <span class='ocr_line' id='line_1_27' title="bbox 274 3251 1354 3350; baseline 0.004 -26"><span class='ocrx_word' id='word_1_203' title='bbox 274 3257 463 3324; x_wconf 91' lang='grc' dir='ltr'>πεντακόσια</span> <span class='ocrx_word' id='word_1_204' title='bbox 486 3257 628 3324; x_wconf 89' lang='grc' dir='ltr'>τάλαντα</span> <span class='ocrx_word' id='word_1_205' title='bbox 647 3251 834 3350; x_wconf 87' lang='grc' dir='ltr'>δόντος,ἀφ’</span> <span class='ocrx_word' id='word_1_206' title='bbox 853 3257 894 3324; x_wconf 82' lang='grc' dir='ltr'>ὧν</span> <span class='ocrx_word' id='word_1_207' title='bbox 908 3258 960 3324; x_wconf 88' lang='grc' dir='ltr'>καὶ</span> <span class='ocrx_word' id='word_1_208' title='bbox 976 3262 1035 3334; x_wconf 75' lang='grc' dir='ltr'>την</span> <span class='ocrx_word' id='word_1_209' title='bbox 1051 3262 1211 3343; x_wconf 72' lang='grc' dir='ltr'>βασιλικὴν</span> <span class='ocrx_word' id='word_1_210' title='bbox 1229 3263 1354 3344; x_wconf 84' lang='grc' dir='ltr'>ἐκεῖνος,</span> 
     </span>
     <span class='ocr_line' id='line_1_28' title="bbox 273 3356 1352 3460; baseline 0.002 -29"><span class='ocrx_word' id='word_1_211' title='bbox 273 3364 425 3456; x_wconf 83' lang='grc' dir='ltr'>όνομαςὸν</span> <span class='ocrx_word' id='word_1_212' title='bbox 443 3363 599 3455; x_wconf 87' lang='grc' dir='ltr'>ἀνάθημα,</span> <span class='ocrx_word' id='word_1_213' title='bbox 617 3375 658 3438; x_wconf 76' lang='grc' dir='ltr'>τῆ</span> <span class='ocrx_word' id='word_1_214' title='bbox 673 3356 1082 3460; x_wconf 10' lang='grc' dir='ltr'>ἀγορᾷἐπροσῳκοδόμησεν,</span> <span class='ocrx_word' id='word_1_215' title='bbox 1096 3366 1167 3432; x_wconf 84' lang='grc' dir='ltr'>ἀντὶ</span> <span class='ocrx_word' id='word_1_216' title='bbox 1182 3376 1240 3444; x_wconf 82' lang='grc' dir='ltr'>τῆς</span> <span class='ocrx_word' id='word_1_217' title='bbox 1254 3369 1352 3434; x_wconf 86' lang='grc' dir='ltr'>Φουλ-</span> 
     </span>
     <span class='ocr_line' id='line_1_29' title="bbox 274 3455 1349 3565; baseline 0.005 -29"><span class='ocrx_word' id='word_1_218' title='bbox 274 3455 362 3551; x_wconf 76' lang='grc' dir='ltr'>ύίας3</span> <span class='ocrx_word' id='word_1_219' title='bbox 378 3460 657 3562; x_wconf 58' lang='grc' dir='ltr'>οἱκοδομηθεῒσανθ·</span> <span class='ocrx_word' id='word_1_220' title='bbox 678 3475 760 3538; x_wconf 81' lang='grc' dir='ltr'>οὕτω</span> <span class='ocrx_word' id='word_1_221' title='bbox 781 3463 820 3545; x_wconf 73' lang='grc' dir='ltr'>δὴ</span> <span class='ocrx_word' id='word_1_222' title='bbox 838 3466 979 3562; x_wconf 79' lang='grc' dir='ltr'>φούηθεὶς</span> <span class='ocrx_word' id='word_1_223' title='bbox 998 3475 1055 3545; x_wconf 79' lang='grc' dir='ltr'>τὴν</span> <span class='ocrx_word' id='word_1_224' title='bbox 1072 3474 1202 3550; x_wconf 75' lang='grc' dir='ltr'>’σύςαοιν</span> <span class='ocrx_word' id='word_1_225' title='bbox 1223 3478 1240 3539; x_wconf 87' lang='grc' dir='ltr'>ό</span> <span class='ocrx_word' id='word_1_226' title='bbox 1260 3476 1349 3565; x_wconf 89' lang='grc' dir='ltr'>Πομ·</span> 
     </span>
    </p>
   </div>
   <div class='ocr_carea' id='block_1_3' title="bbox 271 3650 1348 4203">
    <p class='ocr_par' dir='ltr' id='par_1_4' title="bbox 317 3650 1348 3724">
     <span class='ocr_line' id='line_1_30' title="bbox 317 3650 1348 3724; baseline 0.002 -20"><span class='ocrx_word' id='word_1_227' title='bbox 317 3670 342 3704; x_wconf 86' lang='lat'>1.</span> <span class='ocrx_word' id='word_1_228' title='bbox 358 3650 471 3704; x_wconf 77' lang='lat' dir='ltr'>circiter</span> <span class='ocrx_word' id='word_1_229' title='bbox 488 3657 520 3716; x_wconf 72' lang='grc'>4,</span> <span class='ocrx_word' id='word_1_230' title='bbox 538 3653 611 3720; x_wconf 84' lang='lat'><strong>938,</strong></span> <span class='ocrx_word' id='word_1_231' title='bbox 630 3652 734 3724; x_wconf 34' lang='lat' dir='ltr'>²7²⁴f1&#39;·</span> <span class='ocrx_word' id='word_1_232' title='bbox 880 3653 906 3704; x_wconf 76' lang='lat'>3.</span> <span class='ocrx_word' id='word_1_233' title='bbox 915 3653 1011 3716; x_wconf 83' lang='lat' dir='ltr'><strong>Quam</strong></span> <span class='ocrx_word' id='word_1_234' title='bbox 1022 3653 1067 3705; x_wconf 83' lang='lat' dir='ltr'>hic</span> <span class='ocrx_word' id='word_1_235' title='bbox 1076 3665 1167 3705; x_wconf 82' lang='lat' dir='ltr'><strong>noster</strong></span> <span class='ocrx_word' id='word_1_236' title='bbox 1178 3653 1292 3707; x_wconf 73' lang='lat' dir='ltr'><em>Fulviam</em></span> <span class='ocrx_word' id='word_1_237' title='bbox 1302 3668 1348 3707; x_wconf 82' lang='lat' dir='ltr'>vo-</span> 
     </span>
    </p>

    <p class='ocr_par' dir='ltr' id='par_1_5' title="bbox 271 3730 1348 4203">
     <span class='ocr_line' id='line_1_31' title="bbox 315 3730 1348 3805; baseline 0.003 -22"><span class='ocrx_word' id='word_1_238' title='bbox 315 3751 341 3784; x_wconf 73' lang='grc' dir='ltr'>α.</span> <span class='ocrx_word' id='word_1_239' title='bbox 364 3731 511 3782; x_wconf 84' lang='lat' dir='ltr'>Liberalius</span> <span class='ocrx_word' id='word_1_240' title='bbox 539 3731 676 3783; x_wconf 79' lang='lat' dir='ltr'>Vatiniam</span> <span class='ocrx_word' id='word_1_241' title='bbox 703 3731 789 3803; x_wconf 84' lang='lat' dir='ltr'>legem</span> <span class='ocrx_word' id='word_1_242' title='bbox 838 3730 997 3797; x_wconf 78' lang='lat' dir='ltr'>cat,eadem</span> <span class='ocrx_word' id='word_1_243' title='bbox 1010 3744 1049 3785; x_wconf 86' lang='lat' dir='ltr'>est</span> <span class='ocrx_word' id='word_1_244' title='bbox 1062 3733 1182 3804; x_wconf 82' lang='lat' dir='ltr'><strong>porticus</strong></span> <span class='ocrx_word' id='word_1_245' title='bbox 1197 3752 1257 3804; x_wconf 79' lang='lat' dir='ltr'>quoe</span> <span class='ocrx_word' id='word_1_246' title='bbox 1276 3735 1348 3805; x_wconf 72' lang='lat' dir='ltr'>prius</span> 
     </span>
     <span class='ocr_line' id='line_1_32' title="bbox 274 3809 1347 3885; baseline 0.003 -21"><span class='ocrx_word' id='word_1_247' title='bbox 274 3811 362 3865; x_wconf 77' lang='lat' dir='ltr'>Caesar</span> <span class='ocrx_word' id='word_1_248' title='bbox 374 3810 574 3882; x_wconf 81' lang='lat' dir='ltr'><strong>interpretatus,</strong></span> <span class='ocrx_word' id='word_1_249' title='bbox 587 3811 695 3864; x_wconf 89' lang='lat' dir='ltr'><strong>colonos</strong></span> <span class='ocrx_word' id='word_1_250' title='bbox 707 3809 790 3883; x_wconf 81' lang='lat' dir='ltr'>dedu·</span> <span class='ocrx_word' id='word_1_251' title='bbox 837 3813 945 3866; x_wconf 81' lang='lat' dir='ltr'><em>AEmilia</em></span> <span class='ocrx_word' id='word_1_252' title='bbox 959 3811 1111 3877; x_wconf 82' lang='lat' dir='ltr'>dicebatur,</span> <span class='ocrx_word' id='word_1_253' title='bbox 1123 3813 1274 3866; x_wconf 82' lang='lat' dir='ltr'>abAEmilio</span> <span class='ocrx_word' id='word_1_254' title='bbox 1283 3833 1347 3885; x_wconf 87' lang='lat' dir='ltr'><strong>quo·</strong></span> 
     </span>
     <span class='ocr_line' id='line_1_33' title="bbox 273 3889 1348 3964; baseline 0.001 -21"><span class='ocrx_word' id='word_1_255' title='bbox 273 3903 347 3943; x_wconf 84' lang='lat' dir='ltr'><strong>xerat</strong></span> <span class='ocrx_word' id='word_1_256' title='bbox 376 3890 580 3955; x_wconf 83' lang='lat' dir='ltr'><strong>Novocomum‚·</strong></span> <span class='ocrx_word' id='word_1_257' title='bbox 590 3893 649 3962; x_wconf 83' lang='lat' dir='ltr'>jure</span> <span class='ocrx_word' id='word_1_258' title='bbox 660 3892 746 3959; x_wconf 82' lang='lat' dir='ltr'><strong>Latii,</strong></span> <span class='ocrx_word' id='word_1_259' title='bbox 760 3890 790 3944; x_wconf 89' lang='lat' dir='ltr'>id</span> <span class='ocrx_word' id='word_1_260' title='bbox 838 3889 915 3956; x_wconf 83' lang='lat' dir='ltr'>dam,</span> <span class='ocrx_word' id='word_1_261' title='bbox 932 3892 978 3962; x_wconf 90' lang='lat' dir='ltr'>qui</span> <span class='ocrx_word' id='word_1_262' title='bbox 998 3890 1126 3964; x_wconf 84' lang='lat' dir='ltr'><strong>dejectam</strong></span> <span class='ocrx_word' id='word_1_263' title='bbox 1139 3892 1348 3964; x_wconf 68' lang='lat' dir='ltr'><strong>magnificentius</strong></span> 
     </span>
     <span class='ocr_line' id='line_1_34' title="bbox 273 3970 1231 4043; baseline 0.005 -21"><span class='ocrx_word' id='word_1_264' title='bbox 273 3982 363 4034; x_wconf 85' lang='lat' dir='ltr'><strong>est‚ut</strong></span> <span class='ocrx_word' id='word_1_265' title='bbox 370 3970 415 4040; x_wconf 87' lang='lat' dir='ltr'>qui</span> <span class='ocrx_word' id='word_1_266' title='bbox 424 3989 540 4022; x_wconf 79' lang='lat' dir='ltr'>annuum</span> <span class='ocrx_word' id='word_1_267' title='bbox 553 3972 733 4043; x_wconf 82' lang='lat' dir='ltr'><strong>magistratum</strong></span> <span class='ocrx_word' id='word_1_268' title='bbox 744 3971 791 4025; x_wconf 81' lang='lat' dir='ltr'>ha·</span> <span class='ocrx_word' id='word_1_269' title='bbox 838 3983 1010 4025; x_wconf 74' lang='lat' dir='ltr'><strong>exstruxerat.</strong></span> <span class='ocrx_word' id='word_1_270' title='bbox 1023 3973 1082 4026; x_wconf 82' lang='lat' dir='ltr'>Liv.</span> <span class='ocrx_word' id='word_1_271' title='bbox 1097 3991 1159 4039; x_wconf 78' lang='lat' dir='ltr'>m,</span> <span class='ocrx_word' id='word_1_272' title='bbox 1183 3973 1231 4027; x_wconf 75' lang='lat'>3².</span> 
     </span>
     <span class='ocr_line' id='line_1_35' title="bbox 271 4049 1347 4126; baseline 0.002 -24"><span class='ocrx_word' id='word_1_273' title='bbox 271 4051 387 4122; x_wconf 66' lang='lat' dir='ltr'><strong>buerint.</strong></span> <span class='ocrx_word' id='word_1_274' title='bbox 400 4049 471 4105; x_wconf 84' lang='lat' dir='ltr'><strong>Suet.</strong></span> <span class='ocrx_word' id='word_1_275' title='bbox 485 4069 580 4109; x_wconf 81' lang='lat' dir='ltr'>xxvm.</span> <span class='ocrx_word' id='word_1_276' title='bbox 595 4053 663 4126; x_wconf 83' lang='lat' dir='ltr'><strong>App.</strong></span> <span class='ocrx_word' id='word_1_277' title='bbox 677 4051 711 4107; x_wconf 90' lang='lat' dir='ltr'>de</span> <span class='ocrx_word' id='word_1_278' title='bbox 723 4053 789 4108; x_wconf 86' lang='lat' dir='ltr'><strong>Bell.</strong></span> <span class='ocrx_word' id='word_1_279' title='bbox 879 4058 906 4114; x_wconf 71' lang='grc'>4.</span> <span class='ocrx_word' id='word_1_280' title='bbox 919 4053 1022 4104; x_wconf 87' lang='lat' dir='ltr'><strong>Locum</strong></span> <span class='ocrx_word' id='word_1_281' title='bbox 1037 4053 1110 4108; x_wconf 80' lang='lat' dir='ltr'><strong>hune</strong></span> <span class='ocrx_word' id='word_1_282' title='bbox 1121 4053 1227 4126; x_wconf 69' lang='lat' dir='ltr'><strong>plenius</strong></span> <span class='ocrx_word' id='word_1_283' title='bbox 1237 4054 1347 4109; x_wconf 65' lang='lat' dir='ltr'><strong>illustrat</strong></span> 
     </span>
     <span class='ocr_line' id='line_1_36' title="bbox 274 4130 1023 4203; baseline 0.003 -19"><span class='ocrx_word' id='word_1_284' title='bbox 274 4130 333 4184; x_wconf 81' lang='lat' dir='ltr'><strong>civ.</strong></span> <span class='ocrx_word' id='word_1_285' title='bbox 347 4149 386 4199; x_wconf 88' lang='lat'>11,</span> <span class='ocrx_word' id='word_1_286' title='bbox 405 4133 451 4185; x_wconf 73' lang='grc' dir='ltr'>τό.</span> <span class='ocrx_word' id='word_1_287' title='bbox 838 4131 907 4203; x_wconf 69' lang='lat' dir='ltr'><strong>App.</strong></span> <span class='ocrx_word' id='word_1_288' title='bbox 927 4151 960 4198; x_wconf 88' lang='lat'>1,</span> <span class='ocrx_word' id='word_1_289' title='bbox 978 4136 1023 4187; x_wconf 79' lang='grc' dir='ltr'>αθ.</span> 
     </span>
    </p>
   </div>
   <div class='ocr_carea' id='block_1_4' title="bbox 0 0 1504 5025">
    <p class='ocr_par' dir='ltr' id='par_1_6' title="bbox 0 0 1504 5025">
     <span class='ocr_line' id='line_1_37' title="bbox 0 0 1504 5025; baseline 0 0"><span class='ocrx_word' id='word_1_290' title='bbox 0 0 1504 5025; x_wconf 95' lang='lat' dir='ltr'> </span> 
     </span>
    </p>
   </div>
  </div>
 </body>
</html>
