3000 5025
290 470 361 539 DE
389 466 513 540 VITA
539 466 686 537 JULII
713 467 954 539 CAESARIS.
1099 494 1167 544 ιιι

99 600 209 674 babere
223 614 414 699 coeperant,
428 597 558 673 nullum
574 601 662 671 intus
679 624 750 673 esse
766 600 973 697 presidium
992 627 1093 699 seque
1103 630 1174 677 mu·

99 724 148 779 tuo
163 711 360 799 incitantes,
382 732 423 779 eo
443 710 553 779 acrius
575 706 789 777 insultabant.
809 710 933 779 Actum
956 724 1048 798 erat,
1064 714 1100 781 ni
1121 714 1175 784 vir

99 842 191 907 unus,
211 820 306 913 isque
334 840 445 912 aeger,
463 814 636 904 affuisset,
654 840 756 911 quem
781 839 883 910 supra
908 821 1176 911 nominavimus,

99 923 224 995 Publius
248 924 381 995 Sextius
403 919 568 1011 Baculus,
586 936 679 993 tanta
701 938 784 993 tunc
805 947 940 1019 pressus
961 927 1176 1022 egritudine,

57 1044 64 1060 ’
100 1046 131 1100 ut
141 1032 208 1125 jam
230 1033 379 1127 quinque
402 1029 519 1101 diebus
538 1031 607 1101 sine
630 1030 706 1101 cibo
726 1044 860 1125 ageret,
878 1046 913 1101 et
933 1032 1054 1106 morbo
1076 1033 1175 1107 simul

100 1153 128 1207 et
141 1138 247 1209 inedia
259 1140 330 1233 jam
347 1138 476 1209 vicinus
491 1138 601 1208 morti.
620 1136 686 1209 Sed
701 1162 901 1233 generosum
920 1140 1070 1211 animum
1084 1141 1177 1214 nulla

100 1269 143 1316 res
155 1242 285 1340 dejecit.
295 1248 330 1317 Is
342 1260 380 1317 ut
389 1240 481 1315 videt
490 1242 599 1317 deseri
612 1241 751 1316 tutelam
763 1260 969 1336 castrorum,
981 1246 1068 1318 etde
1080 1248 1178 1344 firgo,

31 1360 32 1363 ’
101 1353 218 1421 nonde
239 1352 366 1422 virtute
390 1352 550 1447 cogitari,
571 1374 708 1446 remque
727 1353 763 1420 in
782 1367 928 1447 angusto
946 1356 1091 1449 positam
1113 1382 1177 1427 nu·

101 1470 179 1549 tare;
193 1473 230 1529 et
244 1484 314 1529 suae
328 1472 363 1529 et
373 1456 516 1554 publicae
528 1472 681 1537 metuens
693 1457 811 1548 saluti,
824 1462 964 1556 surgite
980 1462 1178 1557 grabatulo,

31 1622 34 1637 ,
102 1565 143 1635 ira
155 1569 243 1636 vires
260 1566 380 1655 dante,
396 1576 432 1635 et
445 1564 592 1659 acceptis
605 1564 648 1633 ab
662 1563 763 1634 obvio
778 1564 925 1660 quodam
938 1571 1055 1657 armis,
1069 1570 1177 1665 gradu

102 1672 234 1743 tremulo
257 1686 392 1767 portam
419 1685 565 1766 occupat
586 1682 794 1759 castrorum,
816 1692 918 1767 seque
946 1676 1177 1746 semianimem

31 1866 32 1871 ἵ
102 1776 241 1850 hostibus
255 1779 379 1873 objicit.
399 1780 592 1873 Sequuntur
610 1777 824 1847 centuriones
837 1780 900 1847 viri
916 1776 1020 1851 fortes
1033 1780 1179 1876 aliquot,

31 1878 32 1885 ἵ
101 1882 169 1957 binc
184 1901 297 1974 metu,
315 1886 395 1957 hinc
409 1884 539 1980 pudore
554 1885 674 1955 exciti:
693 1884 823 1980 hosque
840 1884 897 1955 alii
914 1901 1109 1981 sequuntur.
1123 1892 1178 1959 Ita

31 2024 32 2027 ¹
102 1996 212 2066 sensim
236 2016 351 2090 pugna
371 1993 565 2073 restituitur.
585 1994 662 2089 Ipse
687 2006 763 2087 post
782 1991 941 2087 paulum,
957 1994 1103 2067 audendi
1127 1997 1178 2066 in·

31 2184 32 2193 ἦ
104 2116 208 2195 ceptor
226 2115 261 2171 et
282 2100 353 2171 dux
372 2099 521 2187 Sextius,
539 2097 660 2171 morbo
682 2098 804 2177 additis
822 2098 1017 2175 vulneribus
1035 2103 1105 2197 jam
1128 2104 1177 2173 fa·

103 2207 232 2297 liscens,
253 2204 408 2277 manibus
427 2203 542 2301 praalr'o
564 2205 775 2294 subtractus,
792 2204 826 2276 in
849 2206 1066 2280 ammaonb
1085 2234 1179 2306 repo·

31 2362 32 2395 ,
105 2315 191 2385 nitur.
210 2316 289 2387 Non
307 2328 420 2383 tamen
437 2313 602 2399 onrittimr
620 2326 791 2409 resumpta
809 2311 967 2385 defensio.
988 2316 1181 2387 Frumentu-

106 2431 182 2492 tores
211 2423 339 2491 interea
364 2434 604 2507 revertuntur,
626 2444 662 2498 re
691 2434 873 2516 conspecta
899 2423 1024 2511 territi,
1042 2437 1077 2491 et
1097 2423 1180 2519 quid

32 2532 34 2592 i
106 2545 194 2624 agant
213 2531 326 2600 nescii.
352 2529 475 2601 Hostes
498 2525 645 2606 adventu
667 2526 802 2600 illorum
827 2527 938 2598 subito
959 2533 1122 2624 permoti,
1145 2547 1184 2602 et
1283 2615 1286 2620 ,

32 2615 34 2660 i
105 2629 238 2731 legiones
260 2632 400 2706 reduoes
417 2629 564 2730 opinati,
579 2633 781 2714 substitere:
804 2659 884 2708 mox
905 2639 1078 2731 recognita
1095 2662 1179 2732 pau·

32 2785 34 2796 ‚
106 2743 212 2833 utute,
231 2767 318 2839 quos
342 2743 499 2831 timuere,
517 2741 728 2837 despiciunt,
747 2756 852 2835 atque
872 2741 1044 2814 inuadunt.
1072 2745 1124 2813 lbi
1146 2760 1182 2813 et

32 2859 33 2894 ³
107 2849 238 2944 consilia·
251 2850 402 2937 diversa,
424 2862 459 2918 et
485 2873 537 2920 res
563 2849 655 2930 vulsie
682 2863 775 2944 gesta
803 2862 854 2922 est
872 2871 880 2921 z
901 2871 979 2944 pars
1002 2848 1181 2921 incolumis

33 2951 35 2996 ³
108 2958 170 3026 Caii
189 2956 348 3028 Trebonii
366 2955 539 3050 cujusdam
553 2953 687 3034 ulterius
704 2954 852 3044 ducatu,
874 2957 963 3051 ipsos
984 2981 1047 3052 per
1066 2957 1181 3029 hostes

33 3093 34 3096 ¹
109 3062 255 3136 incastra
268 3064 478 3160 penetravit:
494 3085 638 3158 eumque
656 3061 725 3152 bis,
739 3065 868 3158 equites
883 3077 918 3133 et
935 3061 1069 3136 calones
1083 3063 1181 3136 multi
1217 3052 1221 3060 ⁸

33 3209 34 3252 1
110 3172 171 3263 pari
180 3173 311 3268 impetu*
322 3172 357 3248 in
369 3183 479 3240 tutum
498 3193 742 3264 euasere:p.ars
758 3171 892 3266 egregie
902 3195 1057 3266 pugnans
1067 3175 1184 3267 periit»

111 3297 177 3369 pars
186 3301 303 3350 eorum
318 3279 425 3372 quiin
443 3275 563 3348 collem
577 3278 769 3372 proximum
787 3277 1027 3373 mnfrrgerant,
1040 3281 1112 3348 visa
1127 3303 1181 3348 oo·

111 3383 215 3454 minim
239 3387 386 3474 virtute,
401 3407 462 3479 per
489 3407 608 3462 eorum
638 3385 777 3480 uestigia
801 3385 836 3452 in
864 3398 974 3456 castra
1001 3384 1182 3475 futinans,

112 3487 190 3560 salva
208 3494 378 3588 pervenit:
392 3481 471 3587 pais
490 3505 662 3586 preventa
681 3505 716 3561 et
736 3493 967 3563 circumventa
989 3492 1180 3587 procubuit.

113 3596 236 3668 barbari
263 3599 478 3693 desperantes
503 3612 629 3688 castre,
647 3611 686 3672 ut
714 3597 945 3686 crediderant,
964 3600 1040 3694 capi
1064 3623 1181 3693 posse,

114 3701 150 3770 ul
164 3706 289 3800 predas
308 3729 392 3800 quas
408 3705 444 3776 in
461 3702 551 3782 silvis
568 3703 837 3794 ooculnverant,
859 3719 960 3800 atque
973 3705 1051 3776 inde
1068 3704 1112 3774 ad
1127 3730 1182 3800 pa·

113 3809 291 3904 biamsunt
309 3814 443 3895 reuersi.
463 3813 582 3907 Neque
600 3825 734 3902 umen,
750 3812 905 3884 hostibus
916 3811 1183 3906 digressis,abiit

115 3937 225 4010 paror3
243 3923 291 3991 sio
305 3918 427 4000 affixus
440 3921 589 4008 animun,
603 3933 642 3990 ut
654 3933 757 4010 nocta
766 3971 776 4008 ,
786 3943 865 4015 qun
885 3919 978 3992 buno
995 3942 1109 4008 nasum
1124 3923 1180 3993 in·

115 4041 214 4110 80011ῑᾶ
239 4028 717 4122 supramemoratis
741 4029 845 4098 Caius
869 4024 1080 4117 Vobrsenus,
1102 4053 1181 4099 cum

115 4135 248 4225 ‘quitata
263 4135 465 4224 adveniens,
481 4148 522 4211 st
536 4136 775 4229 imperatorem
796 4157 875 4204 eum
895 4135 1043 4204 exercitu
1062 4136 1182 4206 adren-
