3000 5025
325 472 402 561 ίμθ
639 473 677 541 C.
707 470 856 539 IULII
885 468 1133 539 CAESARIS

324 613 425 677 αὐτῶν
441 597 611 687 διαλιπὸν,
624 605 806 695 συνήρμοσε·
819 603 949 680 τούτους
970 588 1073 669 δὶοθκ
1093 601 1219 694 ὀρθοὺς,
1234 608 1275 680 ὡς
1288 602 1393 671 σκολσ-

322 742 402 798 πας,
416 709 498 781 α’λλὰ
512 719 650 805 πρανεῒς,
664 708 717 777 καὶ
730 707 815 777 κατὰ
834 710 888 775 τὸν
906 718 965 775 τοῦ
986 718 1131 801 ποταμοῦ
1151 715 1221 800 ῥοῦν
1239 714 1395 802 προνεύον-

322 848 395 905 τας,
418 824 570 912 μηχαναῖς
593 816 633 894 εἰς
657 816 711 883 τὸν
732 815 875 907 ποταμὸν
901 815 1021 898 καθεὶς,
1036 821 1164 908 σφυραῖς
1187 842 1265 881 τισιν
1291 818 1394 884 ἔπειτα

321 930 502 1021 κατήνεγκε.
518 927 649 1001 Τούτοις
669 913 705 989 δὲ
724 913 781 989 δύο
800 918 912 998 ἄλλους
935 930 983 1008 τῷ
1003 931 1059 988 τοῦ
1077 933 1232 1014 ποταμοῦ,
1246 929 1288 1015 ῥῷ
1311 924 1394 989 ἀντι-

321 1035 542 1128 προνεύοντας,
567 1032 621 1097 ἀπ’
650 1032 751 1097 αὐτῶν
782 1028 837 1122 μὲν
870 1027 1007 1095 κοίτωθεν
1040 1027 1278 1121 τετταράκοντα
1298 1022 1395 1108 τύδας

320 1132 493 1221 διεςῶτας,
506 1138 651 1214 ἀλληλοις
667 1127 701 1203 δὲ
717 1138 771 1203 τὸν
786 1135 880 1203 αὐτὸν
895 1135 1011 1228 τρόπον
1025 1138 1308 1227 συνηρμοσμένους,
1320 1137 1396 1203 ἀντι-

320 1248 486 1323 κατίςησε·
501 1245 616 1321 πάντες
636 1235 672 1309 δὲ
691 1240 778 1309 οὗτοι
791 1243 867 1334 πρὸς
881 1234 998 1322 δοκιῦν,
1013 1243 1052 1308 τὸ
1068 1241 1123 1333 μὲν
1139 1252 1235 1333 μῆκος
1250 1242 1395 1337 τετταρύ

322 1379 434 1436 κοντα,
448 1353 486 1420 τὸ
505 1342 540 1418 δὲ
559 1350 659 1441 ποίχος
681 1339 737 1417 δύο
757 1341 863 1416 ποδῶν
882 1347 1018 1417 κατὰτὸ
1037 1354 1099 1415 τῶν
1115 1359 1237 1441 ςαυρῦν
1259 1342 1396 1441 διοίςημα

320 1444 537 1552 ἐπιτεθίντωνθ,
552 1449 675 1533 διτταῖς
699 1455 916 1550 ἀμφοτέρωθεν
935 1464 1046 1548 σειραῖς
1060 1446 1217 1523 ἐδέδεντω
1232 1460 1352 1525 τούτων
1364 1449 1396 1522 δὲ

320 1558 534 1659 διασχουσιῦι,
552 1563 605 1631 καὶ
632 1562 700 1630 καθ’
718 1562 854 1631 ἐναντίον
880 1563 1021 1637 ἀλλήλων
1050 1552 1240 1653 δεδεμένων,
1260 1569 1393 1636 τοσαύτη

318 1670 387 1747 ἧνή
405 1674 525 1741 τούτων
551 1670 722 1764 ςερρότης,
737 1674 799 1748 ὥςε
817 1673 879 1757 ὅσῳ
900 1662 1013 1763 μείζονι
1038 1667 1093 1756 βίᾳ
1110 1668 1190 1739 ἐπίοι
1208 1676 1225 1737 θ
1245 1675 1333 1760 ῥοῦς,
1345 1697 1394 1737 το·

319 1782 425 1864 σούτιρ
446 1782 563 1870 μᾶλλον
585 1776 781 1872 ἐσφίγγοντω
803 1775 856 1844 καὶ
879 1787 984 1844 ταῦτα
1010 1776 1065 1868 μὲν
1091 1774 1212 1860 πάντα,
1227 1770 1306 1854 ξύλα
1326 1774 1394 1868 ὀρθὰ

320 1886 442 1971 ἐπιθεὶς,
452 1878 617 1967 συνέζευξα,
625 1886 677 1951 καὶ
690 1881 773 1977 μετὰ
782 1894 885 1951 ταῦτα
894 1876 998 1961 δοκοῖς
1011 1881 1063 1952 καὶ
1074 1884 1218 1976 ἐσχάραις
1234 1886 1392 1976 ίςορέννυε

319 1985 423 2061 Οὐδὲν
436 1991 532 2067 ἦττον
549 1983 584 2058 δὲ
601 1991 759 2069 σκόλοπας
776 1988 860 2059 κατδι
872 1989 1009 2084 πλάγιον.
1022 2000 1078 2066 τῆς
1092 1992 1244 2083 γεφύρας,
1256 1990 1310 2057 καὶ
1326 1991 1393 2083 πρὸς

320 2095 361 2167 τὰ
381 2099 469 2167 κοίτω
490 2106 636 2191 ποταμοῦ
657 2092 777 2176 ἔπηξεν·
798 2095 826 2165 οῖ
838 2090 932 2170 δίκην
946 2106 1031 2190 κριοῦ
1045 2099 1102 2169 τήν
1118 2100 1251 2191 γέφυραν
1267 2088 1392 2190 ε’ρείδον-

317 2231 392 2289 τες,
406 2205 458 2273 καὶ
473 2208 552 2299 αὐτῇ
567 2197 797 2295 συζευχθέντες,
812 2208 871 2279 τήν
891 2214 948 2270 τοῦ
965 2213 1111 2296 ποταμοῦ
1127 2213 1272 2295 κατεῖχον
1293 2208 1391 2296 ῥύμην·

235 2390 238 2395 ,
314 2310 431 2390 ἰ’ίλλους
446 2302 481 2379 δὲ
499 2311 551 2379 καὶ
569 2310 709 2404 ὑπεράνω
728 2320 785 2378 τοῦ
804 2321 966 2403 ποταμοῦ,
980 2308 1083 2405 ὀλίγον
1099 2312 1162 2378 α’πὸ
1183 2322 1239 2388 τῆς
1260 2313 1390 2404 γεφυρώ-

319 2444 393 2497 σεως
412 2410 583 2500 διεςῶτας,
598 2411 780 2495 κατέπηξεν·
803 2419 871 2502 ἵνα,
888 2417 915 2483 εί
935 2409 1069 2511 δένδρων
1093 2415 1258 2509 ςελίχη,ἢ
1287 2424 1391 2499 πλοῖα,

317 2527 431 2595 τοῦτὸ
455 2528 541 2621 ἔργον
561 2520 769 2593 καταύιίλλειν
795 2529 883 2593 ἕνεκα
906 2527 966 2593 ὑπὸ
991 2533 1054 2591 τῶν
1082 2520 1245 2619 ύαρύοίρων
1268 2528 1390 2616 ἐπιπύμ·

317 2659 426 2702 ποιντο
433 2657 447 2717 ,·
455 2641 520 2711 τοῖς
527 2634 696 2701 σκολόπεσι
712 2634 837 2711 τούτοις
852 2639 872 2706 ἡ
887 2630 1009 2700 ἐκείνων
1023 2630 1092 2716 βία,
1101 2637 1164 2710 ὥςε
1177 2642 1217 2725 τῇ
1230 2636 1389 2727 γεφυρύσει

317 2744 360 2834 μὴ
374 2739 594 2833 λυμαίνεσθαι,
604 2741 799 2832 κατίγοιντο.

370 2849 502 2916 XVIII.
522 2833 565 2913 Eu
579 2849 706 2940 ἡμέραις
726 2838 757 2912 δ’
771 2850 807 2912 οῦ
819 2851 924 2912 πλεῖον
938 2835 1032 2928 δέκα,
1045 2845 1099 2936 ἀφ’
1113 2844 1148 2912 οὗ
1162 2848 1220 2919 τήν
1236 2849 1312 2920 ύλην
1325 2870 1389 2912 σον·

317 2947 462 3048 αθροίζειν
474 2948 607 3047 ἤρξαντο
618 2955 646 3021 οἱ
657 2938 811 3046 Ρωμαῖοι,
823 2961 879 3029 τῆς
891 2954 1025 3046 γεφύρας
1039 2951 1231 3031 τελεσθείσης
1240 3003 1250 3032 ι
1260 2946 1389 3020 διεύίύα·

316 3087 365 3130 σιν
385 3068 402 3129 ύ
421 3063 543 3155 Καῖσαρ
565 3061 620 3127 τὸν
639 3061 773 3152 ςρατὸν,
787 3057 839 3126 καὶ
861 3059 966 3131 ἱκανήν
985 3054 1169 3152 ἑκατέρωθεν
1189 3070 1248 3137 τῆς
1266 3063 1388 3155 γεφύρας

315 3169 496 3236 καταλιπὼν
512 3165 661 3261 φρουρὰν,
677 3166 717 3244 εἰς
730 3169 787 3238 τήν
802 3174 865 3232 τῶν
880 3161 1064 3259 Σιεαμύρῶν
1078 3161 1201 3232 ἐνίύαλε
1218 3170 1333 3260 χώραν.
1350 3151 1387 3231 δν

314 3276 419 3362 τούτῳ
434 3266 468 3340 δ’
486 3275 548 3342 ἀπὸ
568 3279 693 3342 πολλῶν
712 3267 855 3368 πρίσθεις
875 3270 967 3345 ἦλθον
987 3273 1063 3365 πρὸς
1082 3274 1180 3340 αὐτὸν.
1194 3277 1326 3340 πολεων·
1344 3270 1388 3348 οθς

314 3381 417 3473 φιλίαν
436 3407 471 3448 τε
490 3381 543 3448 καὶ
566 3379 745 3472 συμμαχίαν
764 3370 837 3474 παρ’
858 3383 954 3446 αὐτοῦ
972 3379 1154 3461 αἰτοῦντας,
1166 3382 1273 3475 λύγοις
1293 3383 1387 3470 ἐφιλο·

315 3491 509 3583 φρονήσατο,
526 3488 578 3556 καὶ
592 3491 724 3580 ὁμήρους
738 3489 927 3581 ἐπήγγειλεν.
940 3488 984 3553 Οἱ
1003 3479 1039 3553 δὲ
1054 3478 1094 3554 δὴ
1112 3483 1299 3579 Σίκαμύροι,
1312 3480 1345 3563 ἐξ
1356 3481 1386 3551 οὗ

313 3597 367 3664 τὸν
382 3581 480 3670 [δῦνον
501 3604 648 3691 γεφυροῦν
662 3589 796 3688 ἤρξαντο
811 3595 840 3662 οἱ
859 3578 1016 3686 Ρωμαῖοι,
1029 3593 1136 3660 ποίντα
1149 3591 1190 3670 εἰς
1209 3597 1306 3688 φυγὴν
1321 3617 1386 3658 συσ-

312 3701 524 3795 κευασοίμενοι,
533 3705 764 3794 παραινούντων
774 3709 837 3768 τῶν
847 3700 1025 3795 Τεγχθίρων
1034 3726 1069 3767 τε
1079 3699 1130 3766 καὶ
1140 3709 1202 3766 τῶν
1211 3705 1385 3767 Οὐσιπετῦν

312 3811 517 3891 ἱππίων,τῆς
532 3817 615 3900 σφῶν
629 3811 731 3902 χώρας
746 3803 979 3890 ἐξεληλύθεσαν,
990 3807 1043 3876 καὶ
1060 3795 1167 3875 παίντα
1184 3807 1228 3874 τὰ
1245 3809 1386 3899 γοήματα

252 3963 257 3970 1
310 3916 546 4011 ἀπενεγκόντας,
573 3914 654 3982 αὐτοί
680 3941 715 3980 τε
743 3917 796 3982 καὶ
821 3920 900 4006 σφοῖς
924 3917 1037 3992 αύτούς
1064 3915 1094 3980 ἔν
1121 3941 1156 3981 τι
1175 3922 1241 3992 τοῖς
1272 3916 1384 4005 ἐρήμοις

310 4025 417 4102 τύποις
437 4024 489 4091 καὶ
510 4031 576 4102 τοῖς
592 4022 719 4091 νάπισιν
738 4025 951 4116 ἐκεκρύφεσαν.

362 4133 459 4199 xlx.
477 4115 508 4196 0
527 4122 562 4198 δὲ
580 4133 702 4222 Καῖσαρ
717 4130 820 4223 ὀλίγον
839 4131 870 4194 ἐν
892 4141 933 4225 τῇ
951 4127 1070 4196 ἐκείνων
1089 4131 1177 4221 χώρᾳ
1194 4127 1303 4219 χρόνον
1323 4117 1383 4190 δια·
