3000 5025
309 482 385 572 456
622 488 661 556 C.
689 486 838 554 JULII
866 484 1113 554 CAESARIS
1150 492 1153 501 '

309 620 452 711 ἤρχοντο.
470 619 551 686 Τότε
567 610 597 684 δ’
612 624 627 684 ό
642 621 763 746 Καῖσαρ
780 621 814 685 ἐκ
830 626 937 686 πασῶν
951 626 1014 685 τῶν
1029 623 1132 684 πυλῶν
1148 614 1199 682 ἐπὶ
1215 615 1284 692 τοὺς
1292 621 1375 682 πολε·

310 725 396 817 μίους
414 716 519 803 ἔξοδον
541 723 762 816 ποιησάμενος,
776 725 816 802 είς
838 728 936 852 ρυχὴν
956 724 1067 801 αὐτοὺς
1081 725 1150 853 ἕτρε
1136 719 1226 810 ε,ψεν
1239 725 1331 799 οὕτως
1344 723 1372 786 τ’

309 825 547 921 ίξερόόησιν,“
526 858 574 909 ως
575 823 702 909 ὀυδεις
722 857 839 900 εκεινων
860 829 961 940 μάχης
982 833 1071 896 ἕνεκα
1088 831 1186 920 μένειν
1201 830 1372 919 ἐτόλμησεν

309 936 437 1005 ἀλλὰ
410 964 438 1005 οι
462 944 584 1013 πλεῖς-οι
604 943 704 1006 αὐτῶν
724 940 785 1006 ὑπὸ
807 945 870 1006 τῶν
891 923 1041 1060 Ρωμαίων
1060 935 1314 1026 κατεκόρθησαν,
1327 933 1375 1000 καὶ

308 1052 369 1110 τῶν
390 1045 525 1112 όπλων’
507 1071 639 1136 απεςερη
621 1045 748 1120 η’.θησαν

364 1151 438 1218 LU·
459 1136 522 1218 EA
515 1158 627 1224 πλεῖον
647 1144 706 1218 δ’ὁ
725 1155 848 1243 Καῖσαρ
865 1143 985 1218 διώκειν
1007 1151 1118 1230 αύτους
1136 1175 1194 1215 ουκ
1206 1142 1375 1228 ηόουληθη,
1474 1134 1475 1199 ί

311 1249 414 1334 δείσας
433 1260 475 1350 μὴ
496 1249 603 1350 ἐνέδρα
627 1284 674 1336 τις
700 1261 808 1351 ύπιόει,
830 1260 879 1323 ότι
897 1248 1014 1350 ,δρυμά
1043 1282 1077 1322 τε
1103 1255 1155 1323 καὶ
1182 1257 1236 1326 ἒλη
1265 1246 1376 1345 μεταξύ

239 1443 246 1453 ι
311 1366 405 1436 αὐτοῦ
424 1389 459 1430 τε
476 1364 607 1450 καὶτῶν
627 1362 782 1456 πολεμίων
804 1373 951 1455 μετῇσαν·
971 1365 1019 1434 ἔτι
1038 1354 1073 1435 δὲ
1095 1363 1145 1429 ἐπὶ
1168 1361 1255 1454 ὀλίγῃ
1279 1352 1375 1452 όλάόγ

309 1474 363 1536 τὸν
393 1471 490 1537 τόπον
522 1479 634 1538 τοῦτον
661 1469 788 1546 ἐκείνους
817 1472 858 1561 μὴ
887 1466 1127 1558 καταλείψεσθαι
1152 1473 1248 1561 ὁρῶν,
1262 1464 1376 1541 πάντας

309 1577 381 1654 τοὺς
401 1575 466 1666 μεθ’
480 1581 591 1644 ἑαυτοῦ
612 1580 707 1654 σώους
726 1579 820 1668 ἔχων,
838 1577 916 1669 πρὸς
932 1577 987 1643 τὸν
1007 1576 1166 1674 Κικέρωνα
1186 1573 1374 1666 παρεγένετο·

309 1681 379 1748 ἔνθα
391 1681 447 1759 τὰς
462 1683 515 1774 μὲν
530 1685 590 1750 ὑπὸ
601 1693 664 1749 τῶν
685 1681 839 1773 πολεμίων
857 1679 1154 1774 κατασκευασθείσας
1176 1681 1309 1771 τύρσεις,
1323 1678 1374 1756 τάς

309 1814 344 1854 τε
363 1791 513 1879 χελώνας,
527 1785 634 1855 καὶτὰ
653 1792 706 1856 ὑπ’
721 1792 823 1857 αὐτῶν
842 1790 1033 1881 πεποιημένα
1046 1789 1203 1880 ἐρύματα,
1218 1788 1247 1858 ἐν
1266 1785 1376 1880 μεγίςῳ

208 1957 217 1968 ,
309 1896 405 1989 ἤγαγε
433 1894 583 1990 τάγματα
610 1897 647 1964 τὸ
676 1888 710 1962 δὲ
727 1906 794 1962 ’τοῦ
820 1897 992 1988 Κικέρωνος
1016 1895 1228 1987 προσκαλέσας
1253 1891 1376 1986 τάγμα,

310 1991 381 2067 οὐδὲ
402 2000 514 2078 ἑκάςης
534 1991 665 2080 δεκάδος
683 2006 751 2084 ἕνα,
764 2000 797 2079 ὃς
815 2005 857 2094 μὴ
876 2001 1011 2095 ἐτρώθη,
1028 2000 1165 2096 γενέσθαι
1182 1990 1333 2066 κατεῖδεν·
1347 1991 1376 2074 ἐξ

310 2107 349 2174 ὧν
366 2106 507 2189 πάντων,
519 2109 571 2172 σύν
592 2107 657 2195 θ’ᾧ
676 2100 822 2194 κινδύνῳ,
834 2108 886 2175 καὶ
908 2110 959 2197 οῖιρ
974 2108 1076 2201 ,ἀρετῇ
1100 2107 1166 2199 οἶμα
1189 2109 1227 2172 τὸ
1253 2109 1375 2200 πρᾶγμα

309 2212 530 2307 κατειργάσθη,
544 2216 799 2307 τεκμαιρόμενος,
812 2215 868 2281 τὸν
892 2215 945 2306 μὲν
967 2217 1142 2307 Κικέρωνα,
1157 2212 1210 2286 καὶ
1223 2213 1261 2280 τὸ
1274 2211 1375 2307 τάγμα

310 2322 380 2386 κατ’
400 2313 486 2396 άξίαν
509 2323 644 2413 ἐπγίνεσε·
666 2323 738 2400 τοὺς
768 2312 803 2386 δὲ
830 2320 1023 2415 χιλιάρχους,
1041 2324 1093 2416 καὶ
1113 2313 1297 2410 ταξιάρχους
1312 2323 1375 2385 ὀνο·

309 2425 388 2517 μαςὶ
410 2413 630 2520 παρεκάλεσεν,
652 2426 690 2494 ὧν
720 2426 855 2523 μεγάλην
881 2427 1059 2523 γεγενῆσθαι
1080 2427 1192 2520 αἱρετὴν
1215 2417 1302 2519 παρὰ
1322 2433 1372 2491 τού

310 2535 481 2626 Κικέρωνος
495 2535 582 2627 ἔγνω.
605 2535 680 2629 Περὶ
699 2526 735 2601 δὲ
756 2545 813 2602 τοῦ
832 2530 963 2603 Σαόίνου
987 2535 1040 2602 καὶ
1060 2534 1175 2601 Κόττα
1196 2532 1328 2618 πάθους,
1341 2532 1374 2597 τὸ

310 2639 418 2717 ἀληθὲς
440 2642 499 2709 ὑπὸ
524 2648 586 2707 τῶν
615 2641 822 2734 αἰχμαλώτων
847 2640 1019 2733 κατέμαθε,
1039 2650 1081 2733 τῇ
1100 2632 1130 2707 δ’
1155 2639 1284 2732 ύςεραίσρ
1310 2641 1374 2716 τοὺς

308 2749 488 2920 ςρατιώτθας
507 2746 758 2841 συγκαλεσας,
725 2776 768 2815 τα
791 2748 845 2840 μὲν
863 2750 1064 2841 πεπραγμένα
1077 2744 1199 2824 ἐκείνοις
1217 2747 1372 2840 προύφηνε

308 2852 578 2963 παραμυθούμενος
603 2846 641 2929 δ’
659 2858 786 2938 αὐτοὺς,
805 2853 856 2921 καὶ
881 2855 1136 2952 παραθαρρύνων,
1149 2842 1253 2919 τοιάδ’
1271 2846 1372 2930 ἔλεξεν·

310 2939 378 3025 Ᾰνδ
381 2984 426 3051 ρες
453 2987 491 3053 ς
495 2986 641 3045 ατιωται
656 2960 672 3027 δ
694 2962 747 3053 μὲν
770 2970 810 3053 τῇ
831 2963 861 3026 τ’
879 2961 1032 3055 ἀφροσύνη
1054 2959 1105 3027 καὶ
1125 2968 1164 3053 τῆ
1186 2957 1373 3052 πλημμελείᾳ

309 3074 365 3133 τοῦ
379 3075 538 3161 ςρατηγού
557 3066 685 3153 ἐπάθετε
703 3074 866 3159 πταῖσμα,
880 3075 976 3135 τοῦτο
994 3094 1115 3160 μηρ
1057 3060 1132 3135 όα
1101 3092 1173 3160 ρεως
1191 3067 1307 3158 φέρετε·
1325 3065 1371 3130 σὺν

308 3197 366 3263 γαρ
386 3180 450 3249 τοῖς
468 3173 544 3249 θεοῖς
563 3172 615 3239 καὶ
634 3184 674 3268 τῇ
690 3175 825 3266 ὑμετέρα
845 3174 939 3266 ἀρετῇ
960 3176 1074 3266 τούτου
1097 3171 1371 3265 ἐπανορθωθέντός,

310 3277 419 3344 οὔθ’
393 3304 421 3344 οι
442 3282 582 3409 πολέμιρι
599 3282 728 3348 ε’πιπολυ
744 3282 900 3361 ἥσθησαν,
915 3280 981 3347 οὔτ’
994 3276 1032 3347 αὖ
1046 3284 1129 3371 ὑμεῖς
1143 3278 1324 3353 ελυπηθητε.

363 3385 456 3452 LIII.
477 3370 506 3450 ί)
530 3386 583 3476 μὲν
606 3388 779 3518 Καῖσαρ’
751 3390 850 3464 οότως
869 3382 961 3453 εἶπεν
981 3388 1011 3457 ἐν
1035 3388 1139 3472 τούτῳ
1160 3376 1196 3451 δὲ
1218 3379 1374 3469 Λαόιηνῷ,

309 3492 468 3577 άπιςεύτῳ
493 3493 649 3581 παχύτητι
673 3495 732 3559 ὑπὸ
760 3501 822 3560 τῶν
855 3477 1010 3585 δόμωνη
1040 3502 1096 3562 τοῦ
1126 3489 1282 3582 Καίσαρος
1312 3487 1371 3559 νίκη

309 3588 485 3692 διηγγέλθη·
512 3608 568 3663 τοῦ
594 3595 655 3693 γὰρ
684 3594 841 3671 Λαόιηνοῦ
865 3597 1081 3692 τετρακοσίους
1108 3597 1159 3665 καὶ
1187 3588 1373 3692 ὀγδοήκοντα
1471 3627 1472 3636 ¹

308 3704 369 3771 άπὸ
399 3713 456 3771 τοῦ
483 3706 702 3797 Κικέρωνος’
684 3706 854 3835 απίχοντος
881 3696 1035 3788 ςαδίους,
1062 3703 1113 3773 καὶ
1143 3713 1201 3771 τοῦ
1226 3702 1371 3793 Καίσαρος

308 3810 384 3903 πρὸς
409 3812 518 3877 ἐκεῖνον
547 3810 665 3902 μεθέθ
641 3838 719 3904 ωραν
748 3812 874 3887 ἐννάτην
893 3811 1162 3905 παραγενομένου,
1179 3808 1305 3903 πρόσθεν
1322 3831 1369 3898 με·

307 3924 367 3982 σεῖν
382 3926 500 3984 νυκτῶν
520 3928 595 4009 πρὸς
614 3916 670 3997 τὰς
689 3944 744 3986 του
730 3913 917 4008 Λαόιηνοῢ
938 3918 973 3985 θύ
993 3944 1028 3992 ας
1049 3920 1166 4011 κραυγλ
1188 3926 1249 3983 τῶν
1265 3900 1368 4005 δόμων

308 4024 476 4116 εγένετ,ο,
456 4032 536 4111 τ’τῷ
554 4020 700 4113 Λαόιηνῑρ
713 4000 953 4117 συνηδόμενοι’
927 4051 955 4092 οι
946 3945 1116 4115 δημοι
1079 4050 1137 4098 την
1153 4049 1210 4091 του
1194 4019 1369 4111 Καίσαρος
1470 4013 1471 4046 ¹

309 4124 501 4224 ἀπήγγελλον
518 4130 613 4203 νίκην.
634 4134 761 4209 Ταύτης
782 4123 818 4199 δὲ
840 4133 915 4224 πρὸς
933 4132 1005 4219 τοὺς
1024 4128 1185 4229 Τρευίρους
1207 4120 1371 4225 διελθούσης
1470 4177 1471 4184 1
