3000 5025
200 499 214 504 ·
298 485 385 569 ιιι.
599 485 636 552 c.
665 465 808 552 ιιιιιι
836 484 1075 553 cAEsAms

297 620 407 709 κρύφια
424 613 619 709 ύουλεύματα
635 616 851 708 φανεροῢσθαι,
865 620 947 695 ὁπως
966 618 1028 684 άπὸ
1048 627 1103 695 τῆς
1126 619 1223 684 αὐτοῦ
1243 621 1363 709 ςροιτιοῖς

297 729 313 790 ὁ
333 726 455 816 Καῖσαρ
478 722 666 818 άποκλυσθῇ.
682 728 784 790 Τοῦτο
805 715 840 789 δὲ
861 715 964 816 ιὁρίδιον
980 726 1109 814 ἔφασκον
1128 719 1223 807 εἶναι,
1237 727 1286 790 ὁτι
1303 725 1367 790 ούτι

298 830 351 921 μὲν
370 831 504 907 ἀπόντος
523 841 580 896 τοῦ
600 829 825 922 αὐτοκράτορος
848 827 888 896 τὰ
903 830 1055 925 τάγματα
1076 833 1111 896 ἐκ
1130 837 1191 896 τῶν
1206 820 1369 922 χειμαδίων

298 941 435 1026 τολμῷεν
452 931 575 1019 ἐξιέναι,
594 938 665 1002 ούτε
685 963 719 1031 γε
744 928 819 1027 δίχα
837 941 967 1029 φρουροῖς
986 963 1069 1014 τινος
1090 939 1201 1003 ἐκεῖνον
1221 938 1262 1028 μὴ
1286 927 1367 1001 δύνα·

298 1041 367 1110 σθαι
388 1045 463 1134 πρὸς
476 1046 543 1138 Ιτιλν
563 1041 692 1135 ς’ρατιὰν
717 1041 945 1137 παραγίνεσθαι·
963 1044 1001 1110 τὸ
1017 1047 1139 1128 σύμπαν
1160 1034 1282 1110 δἐἶναι
1299 1044 1371 1108 καλ-

295 1155 359 1216 λιον
379 1150 503 1243 ἔλεγον,
518 1151 709 1242 μαχομένους
724 1153 802 1238 σφᾶς
818 1152 847 1214 ε’ν
863 1143 1034 1240 παρατάξει
1047 1145 1300 1232 άποθνιόσκειν,ἢ
1319 1151 1370 1222 τήν

298 1254 432 1322 παλαιὰν
455 1259 554 1326 ,αὐτῶν
574 1253 657 1323 κατὰ
676 1257 729 1322 τὸν
749 1256 883 1347 πόλεμον
906 1247 1017 1338 δόξαν,
1032 1255 1083 1322 καὶ
1101 1255 1137 1328 ἢν
1157 1256 1233 1346 πρὸς
1253 1256 1372 1331 τούτοις

298 1358 382 1453 παρὰ
401 1369 463 1428 τῶν
485 1363 641 1456 πρόγονων
661 1364 885 1452 παρειλήφεσαν
906 1361 1093 1453 ἐλευθερίαν,
1112 1363 1154 1453 μὴ
1178 1354 1357 1428 άπολαὸεῖν.

352 1471 393 1533 ΙΙ.
409 1469 536 1534 Τούτων
560 1468 613 1560 μὲν
633 1464 683 1534 οὖν
703 1470 785 1533 οὕτω
804 1467 992 1560 λεχθέντων,
1010 1467 1176 1558 ύφίςαντοιι
1193 1468 1222 1534 οἱ
1240 1470 1373 1560 Καρνού-

298 1599 364 1655 τες,
379 1565 498 1665 μηδένα
510 1565 649 1640 κίνδυνον
664 1577 743 1664 σφᾶς
763 1585 820 1650 τῆς
837 1585 937 1652 κοινῆς
953 1578 1040 1641 ἕνεκα
1056 1571 1221 1666 ελευθερίας
1239 1576 1298 1640 οὐκ
1308 1574 1373 1639 άνα-

284 1671 459 1762 Ιδύσεσθαι,
485 1680 553 1748 ἀλλ’
577 1683 606 1746 ἐν
634 1686 697 1756 τοῖς
725 1682 844 1772 μάλιςα
869 1681 922 1747 τὸν
946 1682 1080 1772 πολεμον
1099 1679 1371 1772 χειροτονήσεσθαι·

299 1788 349 1852 ότι
368 1776 402 1852 δὲ
421 1787 494 1852 τότε
510 1789 641 1880 ὁμόρους
664 1786 989 1871 άλλύλωνπιςούσθαι
1009 1791 1065 1854 οὐκ
1077 1777 1250 1868 ἠδύναντο,
1266 1787 1315 1852 ἵνα
1333 1789 1370 1879 μὴ

299 1892 336 1972 τὸ
365 1897 495 1987 πρᾶγμα
522 1884 699 1986 διασπαρῇ,
721 1894 792 1970 τοὺς
821 1890 932 1970 ἄλλους
961 1894 1079 1985 ᾔτουν,
1105 1890 1147 1958 τὸι
1180 1890 1372 1985 ςρατιωτικὸι

299 2005 409 2090 σημεῖα
434 1999 690 2092 συναθροίσαντες
717 1989 774 2080 (ὃς
799 2002 886 2091 ὁρκος
920 1996 1004 2091 παρὰ
1031 2007 1095 2077 τοῖς
1125 1997 1256 2076 Γάλλοις
1287 1999 1372 2075 ὁσίως

299 2096 565 2193 διαφυλάττεται)
580 2102 648 2196 περὶ
672 2107 792 2170 τούτων
818 2104 917 2196 σφίσιν
945 2109 1026 2197 ὁρκῳ
1054 2103 1133 2182 πιςὸι
1161 2095 1369 2196 διδόναι,μὴ

301 2209 389 2276 αὐτοὶ
403 2221 464 2277 ’τοῦ
482 2213 617 2302 πολέμου
639 2203 818 2302 ἀρξάμενοι,
833 2213 940 2279 ἔπειτα
957 2213 1018 2278 ὁπὸ
1035 2222 1097 2276 τῶν
1118 2208 1219 2278 ἄλλων
1239 2213 1369 2304 ἐγκατα-

297 2315 451 2405 λειφθεῖεν·
471 2318 544 2383 τότε
564 2317 618 2407 μὲν
637 2313 687 2382 οὖν
705 2315 920 2383 ἐπαινεθέντων
935 2325 997 2382 τῶν
1013 2319 1217 2410 Καφνούτων,
1232 2316 1285 2383 καὶ
1301 2317 1370 2384 πάν·

299 2447 360 2487 των
381 2432 442 2488 τῶν
463 2424 622 2517 παρόντων
644 2414 742 2515 ὅρκοις
763 2425 873 2501 αὐτοὺς
892 2424 1180 2504 πιςωσάντων,καὶ
1198 2432 1306 2517 καιροῦ
1324 2423 1369 2489 ἐπὶ

300 2540 345 2617 τῷ
360 2539 416 2595 τοῦ
434 2532 570 2621 πολέμου
590 2528 734 2622 άρχεσθαι
749 2530 937 2623 ὁρισθέντος,
948 2522 1075 2603 ’διελύθη
1090 2537 1109 2604 τ’,
1128 2521 1267 2608 σύνοδος.

353 2639 411 2702 ΙΙΙ.
426 2622 582 2713 Ελθούσης
603 2627 638 2701 δὲ
663 2627 701 2709 δὴ
723 2646 779 2713 τ”ης
803 2634 970 2730 ὁρισθείσης
995 2639 1120 2728 ἡμέρας,
1134 2637 1163 2703 οἱ
1176 2638 1369 2728 Καρνούτες,

299 2744 468 2836 ἡγουμένου
487 2746 587 2809 αὐτῶν
606 2742 809 2825 Κοτουάτου,
824 2741 875 2809 καὶ
895 2735 1151 2824 Κονητοδούνσυ,
1171 2743 1221 2809 ἐπὶ
1239 2746 1297 2815 τὴν
1316 2746 1340 2807 Γ
1340 2744 1370 2808 ε’·

299 2842 392 2914 ναὸον
409 2876 434 2916 π

300 2953 430 3032 πὸλίτας
449 2954 608 3047 Ρωμαίους
628 2958 766 3034 πάντας,
784 2955 835 3021 καὶ
868 2946 907 3028 δὴ
935 2955 987 3021 καὶ
1006 2957 1030 3019 Γ
1033 2954 1098 3021 άίον
1127 2956 1255 3037 (Ῐλίσιον,
1281 2956 1370 3022 καλὸν

301 3060 434 3154 κάγαθὸν
463 3061 557 3127 ἱππέα
576 3046 737 3153 Ρωμαῒον,
761 3064 828 3127 ἐκεῖι
848 3063 907 3128 ὑπὸ
933 3072 989 3127 τοῦ
1008 3060 1163 3152 Καίσαρος
1182 3067 1247 3137 τοῖς
1267 3056 1370 3134 ἐπιτη-

300 3156 391 3244 δείοις
406 3167 609 3248 ἐπιςαθέντα,
623 3169 839 3259 φονεύσαντες,
853 3165 896 3233 τὰ
910 3169 1011 3234 αὐτῶν
1025 3170 1174 3258 χρήματα
1187 3157 1369 3258 διήρπασαν.

300 3274 403 3340 Τοῦτο
431 3265 465 3339 δὲ
496 3276 531 3339 τὸ
559 3278 688 3368 πρᾶγμα
716 3273 800 3351 εὐθὺς
828 3274 887 3339 άνὸι
913 3278 1015 3340 πᾶσαν
1045 3276 1101 3345 τὴν
1129 3271 1287 3338 Γαλατίαν
1311 3266 1395 3350 διε-,
1478 3287 1479 3292 ’

300 3378 461 3470 θρυλληθη·
486 3371 592 3453 ἐπειδὴ
613 3377 743 3474 μὲνγὰρ
764 3371 932 3451 διαὸόητόν
952 3406 1005 3463 τι,
1025 3378 1076 3445 καὶ
1094 3378 1202 3470 σεμνὸν
1222 3374 1326 3472 συμύῇ
1343 3382 1371 3444 ἐν

301 3494 340 3578 τῇ
360 3488 384 3550 Γ
387 3484 502 3573 αλατίσρ
520 3490 667 3580 πρᾶγμα,
682 3495 777 3554 τοῦτο
797 3495 912 3579 κραυγῇ
931 3486 1075 3561 ἀλληλοις
1107 3476 1160 3550 διὰ
1187 3492 1251 3550 τῶν
1276 3486 1373 3579 άγφῶν

302 3590 491 3684 σημαίνουσι·
508 3592 559 3658 καὶ
580 3594 635 3665 τὴν
652 3595 785 3686 κραυγὴν
805 3595 929 3666 ταύτην
943 3589 1033 3659 ἄλλοι
1051 3590 1103 3658 καὶ
1121 3588 1210 3658 ἄλλοι
1229 3582 1372 3683 διαδεχό-

302 3723 408 3788 μενοι,
429 3705 494 3775 τοῖς
520 3696 648 3770 πλησίον
677 3698 723 3765 ἀεὶ
751 3696 862 3786 ὁμοίως
890 3698 1096 3791 σημαίνουσιν·
1116 3696 1132 3763 ὁ
1155 3697 1207 3763 καὶ
1225 3700 1295 3763 τοτ’
1310 3700 1371 3791 ἐγέ-

301 3830 381 3871 νετο·
403 3801 444 3870 τὸι
463 3806 515 3896 μὲν
530 3801 588 3898 γάρ
603 3807 632 3870 ἐν
655 3814 694 3899 τῇ
713 3798 839 3891 Γενάύῳ
858 3807 917 3872 ὑπὸ
932 3808 989 3878 τὴν
1008 3809 1049 3871 ἕω
1066 3804 1286 3896 πεπραγμένα,
1301 3804 1371 3895 πρὸς

301 3912 372 3988 τοὺς
396 3899 566 4004 Ᾰρύέρνους
590 3902 687 3988 ςάδια
714 3910 848 3977 ἐντεῦθεν
873 3936 955 4002 ορςο
979 3912 1161 4003 άφεςῶτας,
1179 3907 1249 4001 πρὶν
1274 3908 1294 3982 ἢ
1317 3910 1371 3981 τὴν

301 4019 427 4108 πρώτην
446 4026 503 4095 τῆς
521 4018 629 4095 νυκτὸς
651 4009 884 4112 διαγεγενῆσθαι
905 4020 1061 4107 φυλακὴν,
1080 4007 1258 4109 διηγγέλθη.

352 4124 412 4190 IV.
429 4107 537 4215 ὁμοίῳ
557 4114 591 4189 δὲ
616 4116 654 4197 δὴ
675 4125 782 4219 τρόπῳ
804 4123 855 4190 καὶ
878 4122 963 4215 παρὰ
982 4130 1047 4200 τοῖς
1070 4111 1234 4214 Ᾰρὸίρνοις
1254 4125 1370 4213 Βιρκιγ-
