3000 5025
313 442 387 511 DE
417 440 545 511 VITA
572 432 719 510 JULII
748 440 993 517 CAESARIS.
1152 442 1199 525 13

118 583 250 652 Vettius
261 562 347 646 vero
359 589 418 664 ,ut
427 575 623 670 pignoribus
639 577 745 670 captis
760 574 954 675 direptaque
967 574 1202 677 suppellectili,

119 690 206 785 gravi
224 683 338 756 multa
353 680 506 751 affectus
528 707 590 776 pro
616 683 731 751 rostris
749 707 836 776 pene
855 710 875 753 a
898 690 1059 759 concione
1078 689 1201 760 discer⁴

119 810 261 891 peretur,
274 805 379 885 atque
392 791 428 856 in
440 811 609 858 carcerem
621 790 824 878 mitteretur3
835 792 996 889 similique
1014 800 1201 867 constantia

119 917 149 971 et
165 901 317 972 Nonium
338 896 430 965 ultus
445 910 513 985 est,
531 895 665 990 quando
686 910 832 990 quaestor
847 899 936 993 apud
951 926 986 970 se
1005 918 1200 998 praetorem,

18 1030 19 1037 ¹
120 1011 278 1103 majorem
299 1002 427 1073 scilieet
447 1016 645 1097 potestatem
663 1025 780 1097 passus
800 1019 887 1073 esset
908 1007 1063 1077 accusari.
1079 1009 1201 1080 Adhuc

121 1129 239 1211 praetor
253 1111 451 1205 Hispaniam
467 1109 623 1203 petiit,et
641 1123 733 1179 tanta
748 1124 821 1178 erat
841 1112 906 1179 viri
923 1112 1057 1185 illustris
1071 1119 1200 1213 inopia,

18 1306 19 1309 Ἴ
121 1238 184 1292 uta
198 1216 424 1291 creditoribus
439 1214 603 1311 profectio
617 1215 687 1309 ejus
703 1216 937 1311 impediretur,
953 1221 1015 1288 nisi
1029 1221 1102 1290 illos
1117 1224 1201 1292 datis

18 1380 19 1407 2
122 1324 370 1423 fidejussoribus
386 1324 572 1416 quietasset.
593 1323 707 1391 Rebus
722 1336 834 1391 autem
852 1322 917 1394 illic
931 1328 1050 1421 gestis,
1064 1353 1201 1424 compo·

18 1466 19 1499 2
123 1440 242 1530 sitaque
255 1431 432 1527 provincia
447 1428 658 1516 festinanter,
672 1443 706 1496 et
719 1454 909 1500 successore
927 1458 996 1501 non
1010 1450 1201 1529 exspectato

18 1574 19 1607 l
124 1543 161 1611 ad
186 1536 404 1610 consulatum
430 1538 555 1629 pariter
582 1550 616 1603 et
636 1536 846 1630 triumphum
872 1539 991 1624 rediit;
1011 1540 1069 1610 sed
1097 1566 1201 1636 quum

123 1648 244 1745 legibus
262 1644 381 1713 ambos
398 1641 494 1711 simul
513 1644 641 1736 assequi
664 1666 733 1711 non
753 1640 884 1732 liceret,
896 1648 1019 1716 omisso
1034 1649 1068 1715 in
1086 1650 1202 1742 primis

123 1754 305 1849 triumpho,
318 1748 529 1819 consulatum
542 1748 674 1836 maluit,
688 1774 802 1818 rerum
814 1750 955 1846 cupidus
970 1753 1200 1847 gerendarum.

18 1932 19 1937 ,
125 1862 271 1933 Comitiis
290 1856 428 1952 quidem
445 1855 675 1925 consularibus
693 1881 762 1929 non
781 1854 943 1954 collegam
962 1876 1080 1931 nactus
1102 1884 1203 1957 quem

123 1969 270 2055 volebat,
281 1966 443 2033 obstante·
452 1965 662 2059 optimatium
680 1962 842 2051 factione,
857 1990 934 2034 cum
948 1966 1067 2038 Marco
1082 1970 1202 2039 Bibulo

123 2076 224 2147 lactus
245 2087 298 2143 est
318 2069 445 2141 consul.
457 2073 578 2160 Quem
600 2084 715 2140 exorta
733 2072 911 2165 postmodo
927 2076 1107 2168 quaestione
1121 2075 1203 2172 legis

123 2184 287 2279 Agrariae,
306 2178 552 2247 dissentientem
580 2168 654 2247 foro
673 2179 782 2247 *armis
808 2180 924 2273 ejecit3
946 2195 980 2249 et
1007 2181 1049 2250 de
1076 2182 1202 2253 hocin

124 2305 236 2360 senatu
258 2287 354 2382 queri
371 2308 509 2373 ausum,
526 2284 618 2353 nullo
641 2308 675 2354 se
696 2282 864 2375 ultorem,
885 2301 944 2355 aut
961 2288 1078 2358 saltem
1093 2292 1202 2385 cogni·

123 2412 226 2467 torem
246 2393 376 2486 injuriae
395 2390 610 2479 offerentem,
627 2415 667 2461 eo
689 2394 823 2487 pavoris
845 2394 1006 2489 impegit,
1023 2410 1061 2463 ut
1078 2398 1202 2491 quisvis

123 2504 231 2574 mallet
242 2527 314 2571 esse
328 2524 430 2594 quarn
442 2498 572 2586 consul,
583 2515 721 2595 totoque
732 2513 883 2596 tempore
898 2502 1090 2572 consulatus
1108 2503 1200 2574 domi

123 2628 271 2682 metuens
284 2608 446 2692 latitaret3
459 2622 493 2676 et
509 2609 535 2677 si
547 2607 626 2702 quid
643 2607 890 2677 decernendum
904 2623 1007 2697 esset,
1018 2635 1080 2705 per
1094 2610 1202 2682 edicta

124 2719 333 2802 decerneret,
348 2727 383 2782 et
404 2716 517 2784 Caesar
538 2714 627 2784 solus
650 2713 890 2808 rempublicam
909 2714 1128 2808 gubernaret,
1144 2741 1201 2785 ne·

123 2830 206 2896 mine
228 2847 369 2920 prorsus
388 2821 562 2911 obstante,
583 2834 617 2890 et
634 2823 661 2889 si
674 2821 746 2914 quis
770 2820 966 2908 obstitisset,
981 2845 1049 2891 non
1069 2837 1200 2892 tantum

124 2936 240 3020 minis,
261 2929 319 3001 sed
342 2927 437 2997 factis
459 2930 625 2998 exterrito.
650 2929 692 2994 In
716 2927 836 3020 quibus
857 2929 1015 2997 Marcum
1037 2931 1202 2999 Catonem

124 3054 220 3110 tantae
232 3041 344 3106 virum
360 3037 527 3129 sapientia>
541 3060 580 3106 ac
593 3035 741 3122 virtutis,
755 3035 837 3103 actis
850 3036 1099 3130 obstrepentem
1115 3039 1202 3127 suis,

125 3173 223 3216 manu
244 3145 370 3214 lictoris
398 3157 583 3214 extractum
610 3143 722 3228 curia,
744 3142 832 3209 mitti
857 3141 935 3210 fecit
959 3143 996 3210 in
1021 3163 1201 3214 carcerem.

126 3255 199 3343 Quo
228 3266 365 3322 euntem
393 3248 485 3318 illum
513 3263 647 3318 senatus
679 3250 788 3316 omnis
815 3263 1009 3342 persecutus
1040 3264 1112 3339 est,
1134 3277 1203 3320 non

22 3431 23 3452 ,
126 3359 214 3429 aliter
236 3383 339 3454 mam
362 3357 502 3434 sinnius
521 3358 555 3424 in
576 3378 718 3450 persona
740 3379 857 3424 omnes
879 3357 968 3451 capti
984 3354 1205 3445 viderentur3·

128 3483 199 3537 sunt
223 3469 283 3561 qui
309 3464 443 3551 dicant,
464 3476 591 3532 vestem
613 3486 747 3556 quoque
772 3460 922 3530 velutin
947 3461 1041 3533 luctu
1068 3462 1204 3558 publico

130 3589 339 3666 permutasse.
355 3571 432 3658 Qua
446 3569 580 3664 quidem
599 3582 692 3636 tanta
707 3570 921 3638 veneratione
936 3593 975 3639 ac
990 3572 1129 3664 pietate,
1142 3572 1204 3639 nisi

130 3678 235 3769 fallor,
252 3678 375 3772 injuria
396 3679 538 3745 carceris
559 3689 774 3770 compensata
793 3689 865 3765 est,
883 3668 922 3744 u't
942 3675 1088 3771 optabile
1105 3675 1205 3746 lirisse

23 3781 25 3808 '
129 3787 276 3856 videatur
293 3785 417 3853 Catoni
436 3785 482 3852 sie
499 3785 535 3860 in
554 3805 723 3852 carcerem
740 3781 839 3869 duci,
859 3780 949 3850 unde
964 3806 1042 3850 mox
1058 3785 1104 3854 sie
1124 3783 1204 3852 edu·

130 3909 255 3963 caretur
268 3920 278 3978 3
293 3889 457 3984 siquidem
475 3890 530 3958 hic
550 3903 683 3958 senatus
700 3903 793 3957 tanta
813 3889 1029 3958 consensione
1041 3889 1207 3961 Caesarem

24 3997 25 4092 J
129 3998 231 4093 ipsum
251 3998 389 4085 movit,
403 4011 506 4090 utque
534 3998 580 4065 ait
601 3995 778 4082 Valerius,
799 3995 903 4068 divini
929 3996 1031 4065 animi
1053 4021 1207 4092 perseve-

24 4101 26 4118 *
130 4109 267 4176 rantiam
288 4104 389 4174 flexit.
413 4100 537 4174 Praeter
559 4103 632 4174 baec
653 4104 767 4172 Caesar
789 4103 883 4171 initio
904 4102 1114 4196 consulatus,
1136 4128 1210 4174 sen·
