3000 5025
313 452 398 528 ι560
543 454 614 523 -AD
641 452 908 523 ΙΝ-ΤΕΗΡΒτ4
927 453 1168 524 GRAECUM

318 585 507 648 διαλιιπίντος,
518 582 570 636 nisi
579 583 655 636 malis
670 578 838 643 διαλιπόντος.
853 582 910 636 Sor.
922 601 986 636 mox
1000 603 1032 637 ex
1046 603 1095 638 ms.
1107 583 1300 656 μιταθαλόντος.
1316 586 1379 642 lbid.

318 668 396 740 prius
411 678 467 719 erat
480 666 592 729 ταύτης,
604 674 632 716 et
646 681 697 733 pro
708 661 803 733 ῥᾴςην,
815 657 988 734 ρρδνωτάτην,
1001 677 1028 718 et
1038 669 1094 735 μου
1108 666 1246 737 προθυμία,
1260 667 1345 738 ἀρετὴ,
1358 681 1380 721 et

321 749 364 800 οὐκ
375 746 530 809 lutatiorum
539 756 567 796 et
577 743 703 808 iuferius,
712 745 755 797 τὸν
767 747 817 795 τῶν
828 748 886 794 νεῶν
897 749 941 796 πλ.
953 742 1048 796 Statim
1059 744 1189 798 insertum
1197 753 1247 798 τῶν
1263 736 1379 818 Populea

319 826 468 880 Scribemm
478 821 577 876 deinde
587 822 902 892 ἇνακιχυρηκεταν.οοτεο
911 822 949 875 sic
957 820 1060 889 debuit,
1066 825 1109 876 vel
1114 825 1284 896 ἀνεχώρησαν,
1292 839 1323 880 ut
1329 845 1379 898 cap.

318 923 390 978 νειμ
400 923 451 976 pro
467 906 489 956 ίν
503 906 554 965 τοῖς
569 902 759 972 statim,prius
773 885 813 954 ἐπί
826 899 869 953 τὰ.
1095 905 1098 908 “

360 985 410 1038 IX.
425 984 503 1036 Prius
518 984 655 1043 lassatim<
675 987 718 1034 τοῦ
736 985 843 1052 ςρατοῦ,
858 994 885 1034 et
899 999 950 1052 pro
969 978 1070 1038 ίπιτηδ.
1083 984 1245 1054 cogitaverat
1259 987 1350 1043 ἱκανὸν,
1359 1000 1381 1040 et

319 1084 383 1119 mox
394 1064 470 1136 prius
484 1064 603 1123 ἀκούσας,
620 1073 648 1114 et
667 1061 811 1132 τριάκοντα.
827 1060 943 1114 inferius
957 1079 1011 1133 pro
1026 1063 1122 1133 ὀχυρὸν,
1138 1062 1214 1136 prius
1232 1066 1380 1137 ὀχυρωθέντα.

320 1144 468 1216 Moxprius
479 1148 522 1198 τοῦ
535 1142 567 1202 είς
581 1143 628 1201 τίς
636 1143 675 1209 θχ.

360 1224 397 1277 X.
408 1213 459 1278 iot
471 1223 528 1282 ποθι
541 1222 661 1293 euim<
678 1226 728 1272 τῶν
749 1221 872 1290 πολιμίυν
886 1223 927 1273 ίπ.
948 1220 1002 1272 Pro
1020 1221 1140 1288 ίλθόντες,
1150 1222 1258 1277 ridetur
1274 1225 1380 1296 primum

318 1305 435 1358 scribere
449 1302 576 1356 voluissse
588 1297 668 1357 ὓιθον.
1147 1299 1149 1304 ’
1359 1359 1363 1367 ,

361 1382 456 1436 xlma
467 1383 516 1434 tot
530 1388 578 1434 τίνν
593 1383 651 1451 θγγ.
666 1379 720 1432 Pro
728 1377 763 1432 τὰ
771 1378 859 1450 ,prius
869 1384 919 1432 τῶν
929 1392 971 1444 ,et
980 1378 1050 1434 infra
1058 1381 1149 1454 paullo
1157 1384 1262 1445 πλιίςας
1273 1387 1321 1445 τοῖς
1329 1383 1380 1455 παρ’

320 1466 401 1533 ίαυτῷ
411 1456 588 1537 vaculiacum
598 1460 716 1530 primum
721 1469 783 1532 post
790 1479 810 1512 ιι
821 1459 997 1512 collocaturus
1010 1473 1075 1514 erat.
1083 1459 1207 1514 Sor.deiu
1216 1466 1314 1525 νύκτας.
1325 1464 1381 1518 Mox

319 1543 396 1615 prius
405 1544 463 1603 τοὺς
476 1542 563 1601 αὐτοὺς
574 1536 625 1598 ἤδη
639 1545 742 1610 προαθ.;
753 1550 810 1590 tum
822 1537 851 1590 iu
862 1557 911 1591 ms.
923 1539 1066 1610 Βρητᾶννων
1080 1554 1107 1594 et
1126 1542 1202 1613 prius
1215 1548 1257 1598 καί
1272 1539 1302 1596 ίαν
1316 1562 1380 1614 ςρατ.

319 1635 433 1695 postque
445 1621 591 1692 καλούμενος
607 1621 757 1690 ἀποτέμνει,
767 1631 795 1672 et
811 1631 872 1689 post
885 1621 1049 1689 Βρηταννίοις,
1060 1621 1114 1682 ici:
1132 1635 1193 1692 post
1207 1624 1326 1690 πάντων,
1336 1643 1379 1689 τοι,

319 1716 348 1756 et
368 1702 417 1755 lin.
427 1720 482 1772 seq.
495 1698 603 1754 videtur
614 1717 665 1770 pro
678 1701 785 1752 εἴλοντο.
796 1698 873 1768 μνίου
883 1699 1010 1769 cogitasse
1026 1697 1170 1764 ἀπίθιιξαν.
1221 1736 1224 1740 -

358 1782 421 1836 XII.
435 1768 490 1834 Ῠπθ
506 1781 566 1833 αὐτὸ
579 1785 655 1850 γενῶν
668 1779 787 1850 primum
798 1777 887 1830 statim
897 1790 958 1849 post
972 1798 1059 1850 μιαογ.
1069 1780 1242 1847 collocatum,
1252 1794 1280 1836 et
1292 1802 1349 1835 mox
1363 1785 1381 1835 al

321 1870 360 1916 νῦν
374 1863 411 1914 ίτι
425 1867 474 1914 τῶν
493 1862 587 1913 πίλησιν
601 1860 693 1930 ὄνομα,
707 1871 736 1911 et
746 1858 837 1929 paullo
848 1871 910 1928 post
921 1858 984 1918 ίνεςι
997 1854 1026 1911 &l
1046 1880 1070 1913 κ.
1083 1861 1199 1914 Inferius
1212 1864 1299 1932 ρὺοται
1315 1862 1382 1935 prius

320 1954 382 2015 post
396 1941 519 2024 Γαλατίᾳ.
529 1939 634 2004 Μοκ,η
646 1938 689 2009 μίν
700 1938 763 1994 αὕτη
776 1958 802 2005 χ.
814 1941 858 1997 τῆς
867 1937 1003 1998 Γαλατίας.

360 2021 439 2074 xlll.
450 2025 486 2081 lle
500 2021 529 2072 τὸ
541 2021 564 2071 ίν
577 2018 620 2090 μίν
636 2018 724 2089 prius,
737 2029 765 2069 et
778 2037 803 2068 κ.
816 2037 841 2069 τ.
856 2017 934 2088 ἅτερα
949 2017 993 2087 μὶν
1007 2025 1056 2071 τῶν
1074 2022 1129 2093 μή
1147 2020 1215 2073 κατὰ
1230 2022 1276 2078 τὴν
1290 2023 1382 2075 Ilattia

318 2122 348 2154 π.
363 2101 428 2154 Mox
443 2103 475 2161 ὡς
486 2100 612 2170 νομίζεται
621 2099 765 2162 insertum,
776 2109 802 2148 et
814 2095 880 2149 ibid.
892 2097 967 2167 prius
984 2099 1148 2165 ίλαττιντίρα.
1161 2101 1279 2155 Inferius
1292 2103 1326 2157 εἴη
1335 2102 1384 2174 pri·

319 2199 394 2233 mum
403 2191 465 2252 post
478 2179 520 2241 νίιξ
535 2191 674 2250 posuerat,
684 2175 750 2229 ibid.
765 2176 841 2247 prius
856 2177 931 2247 εὑρεῖν
945 2171 1099 2248 ίθυνάμεθα,
1111 2181 1165 2233 ὥθ’
1176 2183 1215 2245 b,
1224 2179 1287 2234 dein
1297 2185 1383 2242 ταὺτηι

318 2257 349 2312 «il
362 2264 391 2313 πθ
403 2279 431 2330 μ.
443 2271 470 2311 et
482 2258 572 2329 paullo
584 2268 661 2328 post,
673 2257 766 2317 ταύτης
779 2251 809 2308 tt
829 2261 857 2308 τὸ
869 2260 945 2327 μῆκος
960 2260 1003 2317 τῆς
1019 2264 1062 2311 πλ.
1075 2253 1125 2321 (ὥς
1137 2279 1184 2330 γι,
1198 2273 1225 2312 et
1237 2280 1288 2332 pro
1301 2281 1383 2333 τιτρα·

279 2363 282 2367 ’
318 2340 404 2396 κίονα,
419 2338 543 2400 ίξακόσια.
815 2367 819 2376 ·

358 2419 435 2471 XIV.
452 2406 490 2478 ti<
502 2417 543 2470 ίπὶ
555 2418 582 2470 τθ
596 2417 658 2468 πολὺ
672 2416 814 2478 insertum.
826 2427 853 2467 et
862 2415 980 2485 χρίονται.
993 2416 1059 2469 Mox
1073 2419 1164 2489 priua,
1174 2425 1255 2473 κινοῦν
1268 2439 1319 2492 pro
1334 2439 1383 2474 κια-

317 2504 388 2564 νοῦν,
402 2510 430 2551 et
438 2494 502 2551 dein
515 2497 564 2557 ὦςι
579 2494 776 2552 καταπληκτικοὶ
791 2494 837 2549 εἰσὶ
851 2489 904 2548 ast.
919 2495 1013 2549 Statim
1024 2503 1100 2569 σῶμα
1111 2498 1249 2554 insertum.

358 2580 420 2631 XV,
431 2577 509 2630 Prius
520 2579 544 2630 θν
558 2580 634 2629 πᾶσιν
650 2578 730 2630 αὐτῶν
744 2578 790 2646 ty„
806 2588 833 2627 et
844 2594 895 2648 pro
910 2578 1011 2644 συχνοὺς
1023 2579 1098 2647 prius
1106 2579 1131 2631 ei
1141 2579 1170 2631 in
1181 2593 1314 2647 mentem,
1327 2588 1383 2635 πολ·

313 2662 379 2720 λοθς.
393 2658 442 2711 Illa
453 2658 495 2710 καὶ
508 2657 573 2727 ἀμφὶ
583 2657 628 2713 τὴν
638 2677 664 2708 τ.
678 2677 704 2717 ς.
715 2676 736 2707 ο.
748 2674 776 2707 οι.
788 2656 893 2708 inserta.
907 2656 959 2707 Pro
968 2658 1124 2729 ἠγωνίσαντο
1133 2660 1208 2729 prius
1221 2663 1383 2731 ἐμαχέσαντο,

313 2739 364 2791 Illa
375 2740 444 2794 θηθιῖ
458 2740 540 2797 αὐτοῖς
553 2736 635 2806 μα’χης
650 2738 750 2806 τρόπῳ,
759 2736 834 2805 μείονα
848 2735 975 2787 collocata
985 2748 1046 2808 post
1056 2727 1191 2808 ῥωμαίους.
1204 2739 1269 2792 Mox
1289 2742 1383 2794 iterum

289 2842 293 2847 ’
313 2820 413 2872 inserta
427 2817 470 2871 καί
482 2819 543 2887 θλιγ.
558 2818 604 2868 ἀπ.
623 2816 663 2868 o.
679 2812 736 2880 aa,
749 2826 776 2867 et
789 2827 850 2886 post
860 2817 981 2884 θρασέως,
997 2816 1086 2870 statim
1103 2813 1237 2875 διήλασαν.
1252 2822 1382 2875 Insertum

309 2897 372 2951 dein
382 2900 461 2957 τιλοι.

353 2978 429 3031 XVI.
442 2976 576 3047 Scriptum
587 2975 663 3046 prius
674 2976 795 3044 ταΰτῃτῇ
805 2973 876 3042 μάχη
890 2976 923 3036 τίς
937 2994 959 3026 ο.
971 2996 1000 3028 π.
1011 2978 1112 3030 καὶτῶν
1124 2981 1188 3044 ἐκεῖ,
1198 2990 1225 3031 et
1233 2998 1285 3033 sor.
1294 2982 1380 3034 statim

312 3076 346 3109 ex
357 3075 406 3109 ma.
420 3052 505 3109 teto
515 3060 560 3116 τῆς
573 3076 631 3107 ουν.
643 3055 697 3107 Ρνο
710 3056 846 3124 ἀποχωρεῖν
859 3051 966 3108 videtur
976 3055 1051 3125 prius
1060 3058 1176 3111 voluisse
1184 3064 1327 3131 προχωρεῖν.
1341 3062 1379 3113 lb.

312 3132 623 3207 ἰινιννο.Βρητάννοι;ἀοίνν
629 3134 896 3205 μνίννο,ι“νπαχαγο’ντις
910 3135 939 3187 ιἰν
951 3135 1020 3196 πιζοὶ
1032 3136 1057 3187 ἀ.
1072 3156 1097 3189 τ.
1112 3138 1157 3200 lit.
1171 3140 1258 3193 scribe
1268 3142 1380 3203 ηέξιπνί·

313 3213 395 3272 ὧνσαν
409 3216 557 3287 cogitabat,
567 3227 593 3267 et
607 3214 723 3270 statimtl
738 3213 840 3269 τοιαυτη
854 3206 924 3278 οὖτα,
933 3228 994 3285 post
1005 3215 1138 3283 ἐμάχοντο.

353 3296 445 3349 XVII.
455 3296 534 3349 Prius
544 3295 588 3351 τὴν
599 3297 685 3346 πᾶσαν
697 3293 784 3346 ίππον.
792 3294 825 3345 Ινν
835 3310 885 3345 ms.
897 3290 1036 3366 ίπίθραμον
1047 3309 1108 3366 post
1118 3301 1231 3369 πολέμιοι
1236 3301 1380 3371 repetitum

313 3376 395 3441 male,
406 3374 448 3427 καὶ
461 3375 645 3446 τιταραγμίνην
659 3374 772 3439 inserto
785 3390 836 3443 pro
850 3372 899 3425 ἀπὸ
914 3374 989 3445 prius
1000 3376 1126 3445 cogitavit
1142 3380 1170 3430 ίκ
1181 3386 1229 3431 τῶν
1243 3383 1298 3433 loa.
1309 3379 1378 3433 Ibitl

313 3457 342 3509 in
354 3474 404 3507 ms.
419 3455 577 3525 θρητιίννυν,
588 3465 615 3505 et
626 3453 767 3523 Βρητιίννοι.
780 3452 823 3505 Sic
834 3452 951 3505 solemne
962 3454 1013 3526 ipsi
1026 3455 1137 3511 variare.

353 3535 458 3588 XVIII.
479 3534 557 3587 Prius
576 3535 679 3593 πολλοὺς
699 3532 834 3587 κατενόησε
856 3534 943 3593 πεζούς
961 3553 985 3586 τ.
1005 3554 1028 3586 κ.
1049 3536 1067 3589 ἱ.
1083 3556 1111 3589 π.
1140 3557 1163 3589 τ.
1185 3558 1215 3589 π.
1244 3559 1269 3590 κ.
1294 3560 1325 3591 π.
1348 3542 1379 3601 ὣς

312 3615 420 3667 κώλυσιν
433 3614 474 3667 tot
484 3617 539 3674 ταῖς
549 3614 631 3680 ὄχθαις
645 3615 676 3673 ὣς
686 3613 840 3672 κωλύσοντας
849 3607 1034 3679 attestatae
1047 3634 1110 3667 mox
1118 3621 1308 3689 κικρατημίναι.
1316 3620 1379 3671 Mox

312 3696 453 3765 αὐτομολυν
471 3694 510 3746 εἰσ
529 3693 557 3744 in
580 3710 630 3745 ms.
649 3704 688 3744 est
708 3692 860 3762 repetitum.
876 3691 981 3745 Ibidem
995 3697 1119 3767 προθυμία
1132 3694 1281 3763 deleverat,
1295 3710 1379 3769 quum

311 3788 401 3828 tamen
414 3776 477 3844 ὁρμῇ
492 3772 543 3844 ipsi
554 3772 635 3824 etiam
646 3769 815 3843 displiceret,
826 3770 895 3823 illud
904 3787 1058 3844 reposuerat
1069 3773 1167 3829 denuo.
1180 3776 1277 3830 Statim
1290 3780 1378 3849 prius,

309 3856 439 3925 ὕπομίνιιν
451 3854 526 3924 θρμην
538 3853 560 3904 al
571 3852 690 3923 πολέμιοι.
703 3852 774 3903 Tum
788 3848 896 3903 videtur
909 3853 984 3923 prius
998 3854 1079 3907 luisse
1093 3852 1279 3927 armatam(

343 3927 426 3987 XIX.
437 3923 551 3986 barcola
563 3929 638 4003 priua
650 3931 739 3983 statim
747 3932 907 4001 sequebatur
918 3936 946 3984 τὸ
956 3937 1106 4005 καταμάθοι.

350 4013 412 4065 XX.
422 4013 511 4077 Prius,
526 4016 554 4066 θκ
566 4018 616 4064 τῶν
627 4008 793 4081 Τριθονατῠν.
809 4008 864 4063 llos
877 4010 968 4063 etiam'
980 4014 1049 4066 iufra
1064 4011 1234 4085 Tptssosalmc:
1249 4018 1297 4069 ubi
1312 4019 1379 4071 sorte

310 4091 463 4164 Τριθόνατας
475 4093 562 4155 scribe
573 4090 758 4172 utiufraoap.
772 4103 921 4158 suffocat,
937 4110 967 4145 ao
981 4093 1046 4146 siin
1061 4112 1109 4148 suo
1127 4092 1221 4149 codice
1238 4096 1379 4150 Trebam
1484 4094 1485 4105 ¹
