3000 5025
329 472 399 539 DE
426 468 563 541 VITA
589 471 608 538 J
618 470 735 541 ULII
764 471 1005 542 CAESARIS.
1157 500 1210 575 99

140 606 326 675 continuum
344 604 401 673 hic
424 601 511 673 male
529 602 676 673 studium
693 601 766 675 fuit
783 605 946 696 Senones,
964 628 1109 701 quorum
1124 608 1211 683 inter

139 736 242 781 omnes
259 727 294 781 et
307 711 398 794 fame
411 726 446 779 et
459 712 640 781 auctoritas
654 734 777 806 magna
795 726 881 800 erat,
896 714 1076 802 Cavarium
1093 740 1210 810 quem·
1268 773 1272 797 .

139 818 221 907 dam,
232 818 311 887 alibi
325 818 532 888 Cavarinum
549 819 698 907 invenio,
717 820 828 914 stirpis
847 820 964 915 regiae,
979 846 1079 916 quem
1098 824 1212 897 Caesar

138 924 191 995 illis
209 951 325 1021 regem
346 924 502 1013 dederet,
520 922 656 1019 publico
676 922 718 1001 dc
737 949 902 1015 ¹consensu
921 928 1073 999 occidere
1096 931 1211 1002 volue-

138 1047 214 1101 runt.
233 1035 418 1127 Quumque
434 1034 478 1119 is,
497 1031 584 1127 btgce
602 1031 777 1127 praesidio,
792 1034 910 1103 mortis
926 1036 1113 1131 periculum
1134 1063 1212 1109 eva·
1324 1042 1330 1052 ”

138 1141 235 1229 sisset,
245 1141 431 1237 persecuti,
445 1139 511 1209 suis
525 1164 602 1223 cum
617 1138 739 1219 finibus
752 1140 961 1235 espulerupt.
973 1144 1091 1234 Quum
1100 1162 1213 1217 autem

138 1271 226 1342 super
242 1248 299 1317 his
314 1261 509 1328 excusatum
529 1246 655 1343 legatos
668 1246 711 1335 ad
731 1249 899 1337 Caesarem
918 1250 1101 1342 misissent,
1113 1268 1213 1349 atque

137 1354 197 1449 ipse
218 1368 374 1429 senatum
387 1354 538 1423 ¹civitatis
563 1354 605 1436 ad
632 1380 666 1425 se
689 1356 803 1425 venire
824 1358 1052 1452 praecepisset,
1078 1361 1213 1435 minime

138 1474 324 1555 paruerunt.
345 1464 453 1532 Tanta
478 1462 633 1531 omnibus
655 1461 819 1556 cupiditas
840 1464 1075 1535 novandarum
1101 1491 1214 1555 rerum

138 1584 219 1657 erat,
240 1581 284 1637 ut
305 1567 387 1637 nihil
408 1570 473 1655 eis,
498 1568 542 1639 ad
565 1567 817 1657 debellandum,
839 1585 961 1663 praeter
984 1572 1127 1659 ducem,
1157 1572 1214 1643 de·

138 1676 226 1745 fuisse
259 1674 453 1745 videretur:
472 1678 529 1769 qui
556 1675 614 1744 ubi
643 1675 755 1763 affuit,
778 1701 857 1744 mox
886 1679 1020 1752 emersit
1047 1678 1216 1749 occultata

137 1780 278 1853 rebellio.
297 1785 352 1854 Sic
368 1784 482 1877 opinio
500 1784 686 1861 inveterata
704 1780 940 1875 praevaluerat,
959 1809 1039 1877 qua,
1058 1787 1093 1873 in
1115 1786 1215 1857 rebus

37 1982 38 1991 ἵ
138 1888 272 1978 bellicis,
298 1888 387 1960 Galli
405 1889 560 1959 omnibus
576 1914 613 1979 ,se
632 1889 788 1983 gentibus
811 1889 1046 1984 praeferebant,
1069 1916 1108 1961 ac
1131 1917 1215 1988 praef

37 2016 38 2023 ¹
137 1995 258 2071 serendi
281 2019 353 2066 esse
371 1997 414 2067 ab
428 1996 499 2077 eliis
516 1996 758 2093 credebantur;
777 2010 816 2064 ut
829 1998 1062 2070 Romanorum
1074 2000 1216 2095 imperio

137 2105 266 2177 subesse
286 2102 482 2200 pudendum
505 2104 622 2186 sibiae
642 2105 809 2186 miserum,
815 2103 1006 2197 judicarent
1016 2160 1033 2194 „
1048 2120 1083 2174 et
1098 2132 1216 2179 omnes

137 2213 264 2305 penitus
273 2225 342 2281 saut
361 2208 500 2279 rebelles
524 2211 647 2291 Caesari
667 2209 805 2297 fierent,
828 2222 888 2282 aut
908 2214 1076 2307 suspecti,
1094 2229 1217 2307 praeter

138 2319 282 2389 Rliemos
306 2316 469 2388 duntaxat
487 2330 587 2411 atque
604 2316 745 2404 AEduos,
759 2340 847 2410 quos
864 2316 918 2385 ille
934 2343 1065 2390 summo
1085 2346 1218 2416 semper

138 2424 297 2497 babuerat
316 2425 353 2493 in
379 2424 519 2495 honore.
545 2423 715 2518 Principes
742 2421 961 2493 rebellionum
984 2423 1081 2495 multi
1099 2442 1216 2518 erant,

138 2533 217 2603 inter
246 2557 333 2628 qitos
369 2530 634 2613 Induciomarus.
664 2532 793 2613 Treviri
823 2555 984 2625 magnum
1012 2532 1074 2600 sibi
1102 2532 1216 2620 locum

138 2641 279 2734 quadam
291 2639 501 2708 animositate
513 2635 949 2732 praesumpserant,legatos
958 2639 1217 2726 transerenum

138 2747 315 2835 mittendo,
329 2747 487 2845 pecunias
499 2742 740 2839 promittendo,
751 2767 909 2837 magnam
925 2758 1055 2837 partem
1071 2746 1217 2816 Romani

138 2857 299 2926 exereitus
319 2850 546 2939 interfectam,
562 2866 596 2932 et
616 2850 809 2945 superstites
827 2863 919 2936 metu
934 2851 1142 2940 semianimes
1163 2878 1216 2922 as-

138 2961 285 3032 serendo.
307 2961 426 3054 Neque
448 2972 639 3040 temerant
659 2949 840 3040 mendaciis
864 2971 924 3026 aut
944 2943 1115 3051 promissis
1143 2987 1216 3048 mo-

139 3091 212 3140 vere
229 3069 361 3138 animos
384 3079 585 3162 potuerunt,
617 3088 785 3148 memores
816 3063 973 3147 Ariovisti
999 3079 1032 3133 et
1050 3065 1216 3154 bellorum

37 3171 38 3230 ἕ
139 3199 212 3244 cum
235 3175 398 3244 Romanis
421 3171 594 3254 infeliciter
611 3186 837 3266 expertorum.
857 3173 1216 3261 Destitutuslnducio-

141 3307 248 3352 maius
279 3306 301 3350 a
327 3280 524 3367 Germanis,
544 3279 587 3348 ad
611 3276 740 3360 Gallica
769 3302 805 3364 se
836 3280 1002 3347 convertit
1024 3278 1159 3368 ausilia,
1181 3297 1218 3364 et

37 3419 38 3488 ᾗ
140 3401 266 3458 tantum
287 3387 394 3468 saluit
409 3385 564 3474 asidaeis,
575 3398 614 3454 ut
621 3409 746 3468 nomen
759 3399 859 3479 atque
870 3387 1060 3479 opinionem
1076 3411 1214 3481 magna·

142 3497 295 3574 umetis
320 3496 504 3590 arriperet3
528 3507 628 3587 atque
657 3493 741 3573 adeo
770 3491 813 3560 ad
841 3514 919 3560 eum
943 3490 1043 3587 legati
1064 3496 1219 3566 omnium

37 3679 38 3688 ἵ
143 3605 286 3695 gentium
302 3602 382 3680 hinc
397 3599 475 3680 inde
486 3614 740 3688 concurrerent,
757 3614 791 3668 et
804 3600 874 3695 ipse
887 3597 992 3668 fretus
1001 3600 1065 3677 hae
1078 3599 1215 3688 fiducia,

144 3710 317 3780 concilium
330 3707 510 3804 indiceret,
522 3705 616 3803 ,quod
635 3721 803 3788 armatum
816 3705 1049 3802 appellabant,
1067 3706 1110 3774 ad
1124 3708 1217 3802 quod

142 3819 258 3886 armati
273 3841 390 3886 omnes
401 3815 545 3913 puberes
555 3814 797 3898 ‚convenirent3
812 3829 847 3884 et
859 3815 987 3884 venisse
998 3815 1217 3899 novissimum

144 3923 280 4016 capitale
293 3938 374 3994 erat
401 3925 443 3993 In
469 3945 510 3992 eo
539 3920 698 4009 concilio,
719 3924 807 4000 inter
828 3920 952 4007 multa,
967 3922 1217 4019 Cingetorigem

145 4027 387 4119 adversarium,
409 4029 486 4102 licet
507 4053 685 4126 generum,
705 4030 772 4099 suis
787 4027 962 4123 publicatis
978 4027 1092 4118 bonis,
1108 4028 1216 4125 publi·

37 4175 38 4192 1
146 4159 221 4206 cum
240 4139 373 4216 bostem
391 4137 582 4226 denuntiat,
602 4135 694 4232 quod
715 4138 883 4208 Caesarem
901 4151 1105 4232 sequeretur.
1129 4138 1217 4208 Hine

902 4268 1130 4365 ‚7³·
