3000 5025
287 496 363 584 314
676 496 995 567 PLUTARCHI

287 632 451 725 Πομπηίον
468 631 522 722 μὲν
538 631 694 725 ἀνῃρηκὼς
708 633 855 727 ἔναγχος,Ι
871 625 1064 709 ἐκύεύληκὼς
1080 621 1116 697 δὲ
1131 627 1345 721 Κλεοπάτραν
1357 622 1382 710 ¹,

216 781 220 789 ·
288 740 390 830 κρύρα
404 738 457 831 μὲν
477 732 656 806 ἐπεύούλευε
672 736 718 827 τῷ
738 737 883 833 Καίσαρι·
897 738 948 805 καὶ
963 730 1017 805 διά
1035 747 1130 805 τοῦτο
1150 736 1241 829 φασὶν
1258 733 1383 816 αὐτὸν,

289 839 457 938 ἀρξάμενον
469 849 503 913 ἐκ
513 846 604 928 τότε,
621 837 859 939 διανυκτερεύειν
875 849 904 912 ἐν
919 851 984 923 τοῖς
995 845 1124 927 πότοις,
1137 848 1226 911 ἕνεκα
1238 848 1385 933 φυλακῆς

225 984 232 991 ·
290 954 516 1044 τοῦσώματος·
540 961 674 1046 φανερῶς
695 943 783 1020 δὀύκ
803 948 840 1025 ἦν
865 952 1009 1035 ἀνεκτὸς,
1031 950 1178 1045 ἐπίφθονα
1203 944 1310 1018 πολλοὶ
1330 945 1386 1014 καὶ

291 1060 367 1153 πρὸς
388 1053 472 1152 ύύριν
494 1059 534 1138 είς
548 1058 602 1127 τδν
623 1060 769 1153 Καίσαρα
785 1062 883 1154 λέγων
902 1058 953 1126 καὶ
972 1057 1133 1148 πράττων.
1147 1058 1228 1136 Τοὺς
1242 1057 1301 1148 μὲν
1321 1052 1385 1149 γὰρ

292 1168 488 1259 ςρατιώτας,
501 1167 556 1233 τὸν
579 1166 707 1243 κάκιςον
727 1167 949 1259 μετρουμένους
965 1165 1017 1232 καὶ
1034 1165 1248 1233 παλαιότατον
1271 1170 1388 1246 σῖτον,

287 1272 445 1371 ιἐκέλευσεν
472 1272 631 1365 ἀνέχεσθαι
653 1274 705 1341 καὶ
726 1276 860 1368 ςέργειν,
878 1272 1033 1351 ἐσθίοντας
1057 1270 1100 1338 τὰ
1123 1271 1284 1362 ἀλλότρια·
1305 1269 1387 1361 πρὸς

294 1369 329 1445 δὲ
342 1377 385 1445 τὰ
400 1372 511 1447 δεῖπνα
519 1381 652 1447 σκεύεσιν
665 1383 777 1475 ἐχρῆτο
793 1374 921 1459 ξυλίνοις
934 1378 987 1447 καὶ
998 1386 1171 1473 κεραμεοῖς,
1182 1385 1222 1454 ὡς
1231 1373 1274 1443 τδι
1283 1378 1390 1469 χρυσοῖ

293 1484 345 1551 καὶ
360 1487 477 1580 ἀργυροῖ
496 1484 602 1553 πάντα
621 1487 778 1581 Καίσαρος
798 1489 922 1580 ἔχοντος
938 1486 979 1564 εἴς
995 1512 1027 1552 τι
1040 1487 1138 1579 χρέος·
1153 1464 1268 1574 ίδρειλε
1287 1480 1350 1577 γὰρ
1370 1486 1387 1549 ὁ

294 1602 351 1659 τοῦ
368 1594 584 1677 βασιλεύοντος
598 1595 673 1662 τότε
687 1597 791 1686 πατὴρ
806 1592 940 1686 Καίσαρι
955 1591 1059 1687 χιλίας
1073 1588 1261 1667 ἑπτακοσίας
1275 1591 1389 1663 πεντύ·

294 1723 391 1765 κοντα
406 1692 586 1792 μυριάδας”,
595 1699 634 1767 ὧν
647 1696 705 1777 τάς
720 1702 775 1792 μὲν
790 1698 886 1777 ἀλλας
900 1700 992 1774 ἀνῆκε
1006 1707 1071 1777 τοῖς
1084 1697 1188 1766 παισὶν
1201 1699 1301 1763 αὐτοῦ
1315 1696 1391 1789 πρά·

266 1838 269 1852 ·
294 1810 413 1898 τερονό
432 1808 571 1899 Καῖσαρ,
585 1805 642 1884 τὰς
662 1799 697 1873 δὲ
719 1804 820 1897 χιλίας
843 1800 927 1885 ἠξίου
949 1806 1024 1873 τύτε
1036 1800 1142 1873 λαύὼν
1157 1796 1326 1897 διαθρέψαι
1350 1803 1388 1869 τὸ

295 1912 467 2004 ςράτευμα.
483 1915 548 1979 Τοῦ
566 1904 601 1979 δὲ
616 1897 785 1980 Ποθεινοῦ3
799 1924 850 1980 νῦν
867 1914 921 2006 μὲν
937 1913 1030 1979 αὐτὸν
1045 1914 1166 1979 ἀπιέναι
1177 1908 1228 1977 καὶ
1244 1918 1314 1976 τῶν
1332 1935 1388 2003 με·

295 2015 398 2111 γάλων
411 2017 532 2109 ἔχεσθαι
544 2012 737 2115 πραγμάτων
747 2022 941 2102 κελεύοντος,
951 2022 1057 2112 ύςερον
1073 2009 1109 2084 δὲ
1121 2017 1293 2110 κομιεῖσθαι
1306 2011 1390 2109 μετά
1438 2016 1448 2024 “

296 2123 440 2215 χάριτος,
455 2123 562 2209 εἰπὼν,
577 2132 616 2203 ὡς
630 2126 811 2221 Αἰγυπτίων
825 2127 959 2217 ελάχιςα
976 2116 1079 2192 δέοιτο
1097 2120 1301 2217 συμύούλων,
1320 2124 1390 2216 κρύ·

295 2255 339 2322 ρα
353 2233 409 2305 τὴν
427 2230 633 2325 Κλεοπάτραν
651 2234 714 2301 ἀπὸ
735 2244 792 2311 τῆς
815 2236 917 2326 χώρας
935 2234 1163 2325 μετεπέμπετο.

351 2338 478 2405 XLIX.
494 2338 627 2413 Κάκείνη
649 2334 875 2432 παραλαύοῦσα
889 2337 1063 2429 τῶνφίλων
1082 2328 1315 2430 Ᾰπολλύδωρον
1335 2335 1389 2404 τδν

298 2446 482 2518 Σικελιώτην
501 2445 608 2537 μόνον,
624 2445 664 2524 εἰς
685 2444 813 2514 ἀκάτιον
837 2447 942 2539 μικρὸν
965 2440 1105 2538 ἐμίίάσα,
1129 2451 1194 2523 τοῖς
1219 2444 1274 2538 μὲν
1297 2447 1389 2529 βασι·

296 2550 388 2630 λείοις
401 2545 657 2646 προσίσχεν,ύδη
668 2548 924 2633 συσκοτάζοντος·
934 2554 1052 2648 ἀπύρου
1063 2545 1098 2619 δὲ
1109 2563 1167 2620 τού
1177 2551 1281 2619 λαθεῖν
1299 2553 1390 2629 ὄντος

299 2655 448 2743 άλλως,ή
464 2661 518 2752 μὲν
537 2659 577 2739 εἰς
592 2653 857 2754 ςρωματύδεσμον
879 2652 993 2728 ἐνδῦσα
1009 2659 1161 2755 προτείνει
1179 2655 1302 2752 μακρὰν
1317 2663 1388 2724 ἑαυ-

299 2768 379 2849 τὴν,
396 2771 413 2832 ὁ
437 2758 467 2832 δ’
483 2756 711 2860 Ᾱπολλύδωρος
733 2768 839 2860 ἱμάντι
859 2760 1012 2847 συνδήσας
1026 2770 1080 2836 τὸν
1097 2757 1395 2861 ςρωμοιτύδεσμονς

300 2865 461 2965 εἰσκομίζει
481 2865 534 2939 διὰ
549 2873 644 2967 θυρῶν
663 2876 740 2968 πρὸς
758 2877 813 2942 τὸν
832 2874 986 2969 Καίσαρα.
1008 2874 1072 2941 Καὶ
1094 2876 1199 2959 τούτῳ
1216 2898 1251 2939 τε
1270 2875 1390 2966 πρώτῳ

299 2980 424 3073 λέγεται
440 2987 486 3065 τῷ
500 2987 672 3072 τεχνήματι
687 2992 744 3060 τῆς
765 2980 971 3075 Κλεοπάτρας
986 2983 1115 3065 ἁλῶναι,
1128 2983 1269 3074 λαμυρᾶς
1284 2977 1390 3070 φαντί·

303 3111 375 3166 σοι,
389 3085 441 3154 καὶ
454 3096 511 3164 τῆς
530 3085 626 3166 άλλης
641 3089 762 3182 ὁμιλίας
780 3089 832 3156 καὶ
845 3089 972 3180 χάριτος
987 3093 1092 3164 ἥττων
1108 3089 1289 3181 γενόμενος,
1304 3079 1390 3152 διαλ·

300 3184 395 3268 λάξαι
419 3193 493 3286 πρὸς
515 3195 567 3260 τὸν
591 3186 740 3287 ἀδελφὸν,
766 3203 806 3274 ὡς
833 3190 1145 3288 συμύασιλεύσουσαν.
1164 3180 1228 3260 Επὶ
1256 3183 1294 3259 δὲ
1320 3198 1389 3270 ταῖς

304 3289 487 3393 διαλλαγαῖς
506 3303 676 3394 ἑςιωμένων
693 3302 856 3385 ἁπάντων,
872 3302 992 3380 οἰκέτης
1006 3301 1162 3394 Καίσαρος
1175 3301 1318 3393 κουρεύς,
1337 3291 1391 3364 διὰ

307 3395 437 3488 δειλίαν,
456 3403 611 3500 ἦπάντας
630 3409 806 3502 ἀνθρώπους
828 3400 1150 3502 ὑπερέύαλλεν,οθδὲν
1172 3411 1228 3473 ἐῶν
1244 3399 1390 3484 ἀνεξέτα-

306 3537 381 3595 ςον,
405 3513 474 3580 ἀλλ’
494 3519 679 3593 ὠτακουςῶν
708 3515 760 3582 καὶ
781 3521 1067 3611 πολυπραγμονῶν,
1082 3523 1208 3590 συνῆκεν
1224 3507 1388 3585 ἐπιύουλὴν

306 3617 441 3713 Καίσαρι
458 3624 673 3714 πραττομένην
687 3625 740 3689 ὑπ’
761 3611 886 3714 Ᾰχιλλά
900 3631 958 3691 τοῦ
975 3632 1149 3716 ςραεειγοῦ,
1168 3621 1221 3688 καὶ
1243 3619 1390 3686 Ποθεινοῦ

307 3735 364 3792 τοῦ
379 3729 532 3820 εὐνούχου.
547 3727 696 3822 Φωράσας
711 3720 741 3794 δ’
758 3735 774 3796 ὁ
788 3731 931 3824 Καῖσαρ,
943 3726 1075 3823 φρουρὰν
1096 3728 1151 3822 μὲν
1166 3728 1325 3821 περιίςησε
1345 3731 1390 3810 τῷ

309 3956 372 4009 libri
382 3955 416 4010 de
428 3957 495 4010 Bell.
511 3957 639 4012 Alexand.
649 3976 657 4025 ς
668 3957 746 4012 adeas
759 3977 828 4030 quo·
919 3955 945 4011 2'.
961 3956 1091 4022 circiter,
1109 3956 1141 4021 3,
1159 3953 1230 4019 456,
1244 3971 1302 4024 790
1315 3951 1351 4004 fr·

310 4055 363 4107 que
378 4038 430 4089 Dio
442 4039 514 4090 Cass.
530 4055 607 4105 un,
625 4041 709 4104 34-
719 4045 766 4103 44,
919 4038 1041 4112 Ποσει
1051 4035 1237 4101 huncCoem,
1252 4034 1282 4087 B.
1295 4033 1325 4085 C.
1337 4046 1390 4093 πε,

354 4117 827 4193 ι.Νε,εειιεειειυευεορειείε,ΡιοΙ.
880 4110 1392 4189 112,⁴nutritiumpueri(regis)otpw·
1492 4169 1494 4176 ,

310 4198 440 4267 nuberet,
456 4199 584 4270 regnique
593 4200 671 4256 fieret
683 4213 826 4272 μεευοερι
876 4210 1009 4250 εκεαωιεπι
1022 4200 1099 4267 regni.
1211 4246 1215 4251 ,
