3000 5025
538 480 827 550 PRAEFAT-te
1186 506 1225 551 rx

147 613 306 683 industria
336 613 380 683 ad
402 612 831 685 illustrandamvetustatis
854 612 1080 710 cognitionem
1101 613 1226 703 valuit,

147 736 184 789 ut
201 741 396 817 quanquam
411 723 504 791 inter
520 724 708 792 Germanos
719 736 845 807 natus,
864 722 947 791 mihi
964 746 1099 816 semper
1114 723 1151 789 in
1167 746 1225 815 pe*

149 830 323 899 nitioribus
345 830 530 918 Quiritium
547 828 672 899 aedibus
691 830 786 923 quasi
809 843 969 923 cognatas
983 844 1026 898 'et
1042 827 1227 923 coaequales

150 936 321 1005 Caesarum
342 934 486 1005 familias
502 936 658 1005 habuisse
674 935 855 1005 uideuatur.

201 1046 322 1137 Itaque
347 1044 428 1131 tibi,
456 1046 580 1112 Lector
596 1042 853 1129 humanissime,
874 1042 911 1109 in
929 1041 1029 1134 hujus
1049 1042 1228 1111 voluminis
1349 1115 1352 1124 ,

152 1151 239 1217 tertii
266 1148 433 1219 vestibulo
461 1163 641 1219 occurrent
667 1150 739 1218 haee
765 1149 856 1236 duo,
887 1146 1012 1217 sedicet
1040 1148 1167 1243 effigies
1194 1162 1229 1216 et

153 1268 293 1325 stemma
308 1258 468 1345 Caesaris,
485 1256 577 1325 velut
591 1255 672 1326 olim
685 1258 720 1324 in
730 1256 845 1352 primis
859 1280 999 1325 suorum
1011 1254 1228 1342 aedificiorum

153 1365 243 1431 atriis
258 1366 407 1433 Romani
425 1362 593 1452 solebant,

515 1520 612 1578 Pictos
628 1520 785 1579 ostendere
801 1522 902 1581 vultus

274 1619 443 1697 Majorum,
462 1630 491 1676 et
507 1630 615 1677 stantes
629 1619 661 1677 in
671 1618 809 1679 curribus
824 1620 1008 1679 AEmilianos.

825 1739 932 1792 Jurnn.
947 1739 1006 1793 Sat.
1021 1755 1096 1807 vin,
1111 1736 1139 1792 3.
1255 1803 1258 1808 ⁴

197 1889 270 1960 111.
292 1890 398 1963 Nunc,
414 1902 525 1959 autem
546 1886 587 1958 de
605 1884 683 1957 Julii
706 1886 795 1957 Celsi
817 1888 851 1955 in
867 1841 1036 1960 Caesarem
1055 1912 1231 1958 commen·

157 1995 261 2081 tariis,
283 2010 316 2064 et
339 1994 381 2063 de
409 1995 560 2063 Diatribe
584 1994 704 2063 Johan.
728 1996 851 2089 Georg.
877 1996 1022 2083 Graevii,
1044 2020 1147 2090 quam
1168 1994 1232 2065 illis

157 2100 385 2195 praefiximus.,·
399 2124 511 2195 ‚pauca
527 2116 568 2169 et
585 2103 753 2195 praecipua
773 2100 916 2174 dicenda
935 2116 1023 2175 sunt.
1163 2180 1166 2184 ,

208 2216 291 2285 Julii
306 2218 411 2304 Celsi,
434 2232 471 2287 ut
494 2231 652 2305 vocatur,
676 2217 718 2285 de
741 2220 881 2287 Caesaris
908 2219 980 2287 rita
1000 2214 1231 2287 commentarii

158 2348 271 2393 rursus
290 2324 368 2393 editi
384 2340 462 2393 sunt
475 2348 564 2393 anno
589 2321 732 2420 1697,a
747 2328 777 2392 J.
798 2328 840 2393 G.
858 2327 993 2394 Graevio
1003 2378 1013 2410 ,
1024 2325 1121 2419 juxta
1136 2327 1228 2419 prin-

159 2432 264 2526 cipem
282 2446 326 2499 et
337 2431 469 2526 jamdiu
490 2432 689 2500 rarissimam
709 2430 889 2499 editionem
903 2456 1007 2526 ,quae
1020 2456 1111 2500 anno
1131 2429 1230 2528 1473

158 2539 343 2631 prodierat,
356 2541 427 2608 sine
441 2538 511 2608 ullo
528 2538 581 2608 rel
597 2540 744 2608 auctoris
760 2538 974 2626 nomine,rel
988 2542 1100 2633 operis
1116 2538 1229 2620 titulo:

84 2686 85 2690 =
159 2669 219 2713 nee
240 2646 286 2714 ob
306 2645 406 2716 aliam
428 2669 563 2716 causam
583 2649 612 2713 J.
636 2645 726 2714 Celsi
751 2671 876 2714 nomen
891 2646 970 2714 huic
987 2645 1073 2715 libro
1091 2647 1231 2738 inserip-

159 2763 229 2821 tum
250 2762 318 2839 es't,
340 2777 441 2847 quam
462 2767 601 2848 propter
619 2753 786 2822 Gherardi
806 2754 917 2820 Vossii
941 2754 1169 2838 temerariam,
1193 2765 1232 2818 ut

158 2861 219 2953 ipsi
245 2861 380 2929 Graevio
405 2863 512 2928 visum
532 2874 598 2947 est,
630 2859 665 2928 in
695 2856 915 2951 conjectando
944 2855 1112 2927 fiduciam
1141 2860 1231 2929 Nam

159 2991 277 3060 quum,
296 2966 386 3062 apud
405 2966 569 3061 quosdam
589 2966 762 3036 tredecimi
777 2979 836 3033 aut
848 2965 948 3034 etiam
964 2966 1157 3060 posterioris
1172 2991 1230 3034 sae·

159 3071 222 3141 culi
237 3076 418 3168 scriptores
432 3071 673 3169 polygraphus,
689 3075 874 3142 invenisset
886 3074 1091 3141 mentionem
1105 3073 1232 3142 deride

159 3183 185 3247 J.
192 3178 280 3249 Celsi
293 3182 556 3269 commentariis,
572 3182 629 3275 qui
641 3179 816 3275 diligenter
829 3179 871 3248 de
887 3181 1026 3250 Caesaris
1040 3180 1109 3248 rita
1128 3181 1231 3273 serip-

160 3288 235 3356 sisse
256 3279 443 3376 dieebatur,
464 3311 572 3382 neque
592 3290 662 3382 ipse
684 3285 769 3356 ullos
790 3302 903 3356 nosset
926 3285 1009 3355 alios
1030 3287 1072 3355 de
1091 3287 1232 3356 Caesaris

160 3395 225 3462 vita
242 3397 514 3480 commentarios,
527 3408 648 3489 preter
662 3393 751 3464 illam
768 3417 858 3462 anno
880 3391 1113 3490 1473editam
1128 3392 1231 3462 histo-

159 3501 263 3590 riam,
285 3504 397 3570 statim
414 3525 487 3570 eam
509 3503 539 3570 J.
558 3500 650 3571 Celsi
667 3503 805 3570 nomine
824 3496 979 3595 dignatus
994 3514 1059 3570 est.
1080 3499 1233 3569 Suberat

161 3606 222 3675 alia
242 3610 401 3702 quaestio,
428 3609 581 3702 quisnam
606 3609 667 3678 ista
689 3607 815 3678 Celsus
829 3608 954 3685 fuisset.
978 3609 1094 3696 Quum
1118 3622 1230 3676 autem

161 3715 279 3786 Vossio
295 3739 383 3809 saepe
398 3717 612 3804 occurrisset,
628 3717 663 3784 in
676 3739 824 3785 manusc.
840 3715 937 3785 codd.
948 3716 1105 3801 Caesaris,
1121 3714 1235 3807 hujus·

161 3822 250 3890 modi
268 3821 487 3916 subscriptio:
510 3823 620 3892 sztu
643 3823 760 3893 Celsus
783 3825 1029 3893 Constantinus
1045 3813 1127 3910 (seu
1148 3824 1233 3892 Cou-

160 3923 510 4024 stantinopolr'tanus)
529 3933 571 3998 V.
587 3932 623 4000 C.
642 3933 744 4024 Legi5
760 3933 795 3998 J.
815 3931 932 4001 &drus
949 3935 1006 3997 vir
1021 3931 1232 3998 clarissimus

161 4028 325 4106 errones
346 4042 502 4110 recensui
511 4063 525 4122 ,·
548 4037 686 4106 minime.
703 4038 814 4106 visum
834 4050 885 4106 est
905 4035 955 4106 illi
968 4035 1123 4123 dubium,
1150 4037 1232 4129 quin

163 4143 298 4214 Caesaris
308 4142 478 4214 librorum·
483 4143 693 4231 emendator,
705 4144 805 4234 etiam
817 4141 860 4213 de
872 4144 1013 4214 Caesaris
1027 4145 1097 4212 vita
1108 4140 1232 4211 ldrnnn
