3000 5025
324 441 401 530 ιιι
583 444 600 483 ··
623 443 661 510 υ.
690 441 837 515 mm
866 441 1102 511 cffisAms·

324 580 403 648 αὑτη
427 565 457 640 δ’
476 577 510 640 ἐκ
525 578 659 641 παλαιοῦ
681 577 796 642 τούτου
819 576 871 639 ἕνα
885 571 1009 648 τεθῆναί
1024 599 1076 665 μοι
1093 565 1199 656 δοκεῖ,
1212 577 1258 664 μη’
1273 600 1317 652 τις
1333 566 1385 647 θη·

324 684 423 776 μότης
442 675 581 758 όοηθείας
600 678 683 747 κατὰ
701 688 763 748 τῶν
785 671 926 758 ὑυναςῶν
945 667 1064 772 χρηζοι·
1079 681 1151 758 τοὺς
1171 681 1226 772 μὲν
1246 680 1304 775 γὰρ
1323 686 1386 748 ἑαυ·

323 799 380 858 τοὺ
395 788 547 865 ὑπηκόους
566 789 675 866 ἔκαςος
694 795 757 854 τῶν
771 787 927 880 ἀρχόντων
942 781 1097 855 θλίόεσθαί
1111 813 1162 868 τε,
1176 787 1230 853 καὶ
1247 781 1386 866 πιέζεσθαι
1414 871 1417 875 7

323 901 379 966 οὑκ
398 897 444 983 ε’ᾅ·
460 893 485 962 εἰ
504 885 539 960 ὑὲ
559 895 620 986 μὴ,
638 885 761 972 οὐθενὸς
782 903 873 986 τιμῆς
890 895 964 985 παρ’
978 895 1100 972 ἐκείνοις
1121 887 1272 972 ἀξιοῦται.
1286 899 1386 960 Ταὺτα

323 995 353 1069 θ’
368 1004 465 1079 οὕτως
493 998 551 1066 άνθι
568 1003 670 1066 πᾶσαν
694 1009 828 1067 ποιεῖται
849 1001 905 1074 τὴν
930 998 1099 1068 Γαλατίαν·
1123 1000 1164 1078 εἰς
1184 991 1241 1068 δύο
1264 1027 1298 1068 τε
1319 1003 1385 1094 μέρη

321 1114 408 1176 πάσα
423 1111 501 1180 αὑτη
523 1098 677 1200 διῄρηται.

375 1217 450 1280 XII.
465 1210 529 1280 Καὶ
548 1216 601 1279 ότι
619 1214 672 1306 μὲν
688 1218 705 1280 ὁ
725 1215 846 1305 Καῖσαρ
869 1210 909 1289 εἰς
930 1214 987 1286 τὴν
1007 1211 1165 1279 Γαλατίαν
1185 1213 1236 1280 τὺ
1250 1214 1387 1306 πρότερον

321 1321 522 1414 παρεγένετο,
541 1329 597 1396 τῆς
617 1321 671 1412 μὲν
690 1325 751 1385 τῶν
775 1323 914 1412 ἑταιριῶν
934 1320 1054 1386 τούτων
1076 1319 1105 1384 οἱ
1125 1305 1263 1397 Εθουεῒς·
1288 1330 1341 1397 τῆς
1360 1311 1387 1385 θ’

321 1428 349 1496 οἱ
367 1422 618 1517 Σεκανοὶ,ἦρχον.
637 1423 734 1492 Οὑτοι
754 1416 791 1491 ὑὲ
814 1425 915 1516 σφίσιν
937 1428 1062 1508 αὑτοῖς,
1076 1417 1183 1500 ἐπειδὴ
1207 1429 1243 1494 ἐκ
1265 1432 1389 1494 παλαιοῦ

321 1525 539 1600 δυνατώτατοι
557 1531 585 1598 οἱ
611 1519 738 1609 Εθουεῒς
765 1528 859 1614 ἦσαν,
882 1530 934 1599 καὶ
959 1535 1091 1609 πολλοὺς
1117 1535 1270 1611 ὑπηκόους
1297 1527 1371 1626 εἶχον
1379 1580 1390 1617 ‚-

319 1645 353 1708 οὑ
370 1641 565 1720 πιςεύοντες,
585 1640 656 1717 τούς
675 1661 710 1704 τε
725 1639 914 1730 Γιρμανοὺς,
928 1636 1048 1705 καὶτὸν
1067 1627 1253 1732 Ᾰριόόιςον,
1268 1645 1388 1717 πολλαῖς

319 1746 432 1824 αὑτοὺς
455 1743 673 1824 ἀναπείσαντες
704 1736 850 1836 δωρεαῖς,
876 1743 1058 1837 συμμάχους
1084 1748 1315 1820 ἐπεποιήκεσαν·
1341 1745 1388 1812 καὶ

316 1850 436 1930 πολλὰς
466 1842 520 1917 διὰ
546 1853 665 1918 τούτων
693 1849 777 1917 κατὰ
805 1858 866 1917 τῶν
896 1838 1039 1918 Εὑουέων
1067 1849 1169 1944 μάχας
1196 1856 1388 1935 νικήσαντες,

318 1961 421 2026 πᾶσάν
445 1982 480 2024 τε
510 1960 566 2032 τὴν
594 1956 714 2026 ἐκείνων
741 1959 898 2050 εὐγένειαν
916 1955 1170 2039 ἀποκτείναντες,
1195 1958 1236 2036 εἰς
1262 1967 1388 2026 τοσοὺτο

251 2049 255 2058 ’
320 2057 482 2142 δυναςείας
505 2063 768 2156 προεληλύθεσαν,
787 2068 850 2141 ῶςε
868 2065 907 2130 τὸ
928 2070 991 2130 τῶν
1010 2064 1153 2136 ὑπηκόων
1170 2074 1234 2130 τῶν
1253 2051 1388 2132 Εθουέων

319 2179 444 2249 πλεῖς-ον
464 2171 552 2262 μέρος
571 2171 646 2263 πρὸς
667 2170 793 2247 ἑαυτοὺς
809 2171 1063 2261 μεταςάσαντες,
1081 2169 1133 2235 καὶ
1151 2177 1223 2249 τοὺς
1242 2179 1304 2236 τῶν
1322 2171 1387 2264 άρί·

319 2304 382 2356 ςων
403 2285 465 2343 τῶν
484 2262 626 2355 Εὑουέων
641 2275 766 2343 πάντων
788 2267 904 2354 παῖδας
927 2275 957 2342 ἐν
975 2278 1063 2368 χώρᾳ
1083 2279 1204 2368 ὑμάρων
1226 2273 1388 2363 λαθόντες,

319 2391 390 2462 τοὺς
406 2368 533 2460 Εθουιῖς
551 2392 635 2475 κοινῇ
651 2384 769 2472 ὀμνύειν
787 2379 1014 2475 ἡνάχκασαν,ἦ
1034 2384 1094 2473 μην
1114 2382 1197 2451 κατὰ
1216 2394 1279 2450 τῶν
1297 2387 1388 2452 Zem-

319 2501 376 2559 νῶν
396 2495 474 2581 σφοῖς
498 2478 594 2582 μηδὲν
617 2483 844 2556 όουλεύσισθαι.
861 2488 927 2558 Καὶ
952 2489 1042 2583 μέρος
1066 2497 1123 2567 τῆς
1140 2490 1271 2564 πλησίον
1291 2494 1387 2585 χώρας

319 2593 372 2689 ὑίᾳ
392 2592 560 2680 λαθόντες,
576 2598 742 2669 ἐκέκτηντο
755 2646 764 2678 ,
778 2594 830 2662 καὶ
850 2595 952 2673 πάσης
975 2607 1031 2673 τῆς
1049 2597 1208 2675 Γαλατίας
1227 2595 1332 2691 ἦρχον·
1350 2596 1387 2674 οἷς

318 2710 411 2773 πᾶσιν
433 2702 631 2798 ἀναγκασθεὶς
657 2688 823 2779 όΕθουεὺς
837 2696 1032 2785 Διόιτιακὸς,
1054 2700 1096 2778 εἰς
1119 2703 1173 2793 μὲν
1201 2708 1261 2779 τὴν
1282 2693 1386 2798 Ῥώμην
1451 2719 1455 2728 “

318 2812 393 2904 πρὸς
407 2813 464 2884 τὴν
483 2813 655 2903 σύγκλητον
670 2808 739 2902 περὶ
758 2803 898 2887 όοηθείας
911 2809 1049 2901 ἀπάρας,
1067 2804 1226 2900 ἄπρακτος
1240 2812 1387 2886 ὑπανηλύ·

317 2917 374 2983 θει.
393 2919 442 3010 Τῇ
466 2906 501 2983 ὑί
525 2924 581 2983 τοὺ
599 2913 756 3003 Καίσαρος
779 2907 888 3004 άφόὺῳ
902 2910 1143 3008 μεταόαλόντων
1165 2928 1229 2983 τῶν
1247 2913 1386 3013 πραγμά·

318 3048 402 3107 των,
423 3021 475 3089 καὶ
493 3030 555 3089 τῶν
581 3021 634 3113 μὲν
663 3024 805 3115 ὑμηρων,
828 3020 881 3089 καὶ
907 3030 970 3088 τῶν
997 3019 1132 3115 άρχαίων
1159 3026 1303 3097 ὑπηκόων
1330 3032 1391 3101 τοῖς

318 3116 484 3197 Εὑουεὺσιν
507 3119 806 3213 άποθοθέντων,καὶ
828 3125 1033 3201 άλλων’νε’ων
1061 3129 1121 3195 ὑπὸ
1152 3141 1208 3198 τοὺ
1237 3131 1385 3224 Καίσαρος

319 3239 423 3312 αὑτοῖς
445 3233 718 3323 προσκτηθέντων,
734 3236 784 3301 ότι
802 3235 830 3302 οἱ
843 3238 896 3301 ὑπ’
906 3238 1008 3303 αὑτῶν
1027 3234 1113 3310 ὄντες
1132 3235 1385 3333 μιτριώτερσν,ὑ

318 3342 379 3411 ὑπὸ
398 3348 460 3407 τῶν
475 3342 630 3423 Σικανῶν,
645 3337 791 3434 άρχεσθαι
803 3345 882 3433 σφᾶς
896 3345 1011 3435 ἑώρων,
1024 3337 1129 3421 άλλοις
1145 3335 1180 3411 ὑὲ
1197 3346 1252 3420 καὶ
1270 3348 1386 3420 πολλοὺ

318 3447 496 3543 πράγμασιν
521 3440 697 3525 αὐξηθείσης
726 3457 783 3526 τῆς
801 3446 919 3515 ἐκείνων
947 3440 1123 3539 δυνάμεως,
1142 3451 1170 3518 οἱ
1189 3452 1243 3543 μὲν
1271 3447 1386 3519 Σικανοὶ

320 3560 377 3655 τὴν
389 3562 472 3645 σφῶν
491 3555 659 3621 κατέλιπον
681 3552 789 3647 ἀρχάν·
804 3556 861 3627 τὴν
881 3546 912 3621 δ’
926 3558 1027 3623 αὑτῶν
1046 3554 1149 3645 χώραν
1168 3558 1197 3624 οἱ
1213 3544 1314 3650 ῥῆμοι
1327 3550 1385 3623 διε·

302 3654 461 3763 Ιδέξαντο·
482 3658 533 3738 οὑς
554 3658 627 3737 ἴσως
646 3666 710 3737 τοῖς
732 3645 974 3738 Εὑουεὺσινὺπὺ
998 3671 1056 3729 τοὺ
1074 3660 1231 3758 Καίσαρος
1246 3663 1384 3757 τιμάσθω
1475 3697 1476 3740 3

319 3769 348 3837 οἱ
362 3758 492 3859 οὑὺεμιᾷ
511 3776 632 3858 μηχανῇ
653 3757 707 3833 διὰ
720 3764 778 3845 τὰς
791 3768 920 3861 άρχαίας
941 3767 1050 3861 ἔχθρας
1069 3772 1148 3863 πρὸς
1166 3774 1239 3849 τοὺς
1258 3757 1384 3844 Εὑουέιις
1475 3759 1476 3774 ’

321 3866 524 3971 διαλλαγῆναι
547 3876 589 3965 μὴ
608 3864 771 3965 δυνάμενοι
791 3880 937 3967 ὁρῶντες,
951 3877 1078 3953 έαυτοὺς
1097 3878 1221 3956 έκιίνοις
1241 3876 1383 3949 ὑπηκόους

318 3971 474 4047 ε’θίὺοσαν*
496 3982 627 4057 τούτους
646 3971 676 4045 θ’
700 3980 728 4047 οἱ
749 3965 850 4072 Ῥῆμοι
869 3984 1020 4073 ἐπιμελῶς
1041 3974 1321 4074 διαφυλάττοντες,
1335 4005 1382 4072 με·
1475 4031 1476 4080 ρ

318 4086 416 4180 γάλην
436 4080 575 4180 ἐξαίφνης
601 4075 729 4179 δύναμιν
757 4089 934 4162 ἐκέκτηντο.
964 4087 1030 4156 Καὶ
1054 4093 1138 4157 οὑτω
1155 4089 1199 4158 τὰ
1223 4090 1383 4185 πράγματα
