3000 5025
275 470 583 544 INTERPRES
610 476 846 547 GRAECUS.
874 482 970 550 LIB.
999 485 1053 553 ΙΙ.
1121 484 1196 561 385

184 602 313 677 XXVI.
329 592 417 700 Ορῶν
434 600 468 675 δὲ
486 607 538 675 καὶ
551 610 644 688 αὐτὸς
658 611 695 677 τὸ
713 610 842 684 πλησίον
863 605 996 708 έάδομον
1011 618 1119 713 τάγμα
1136 623 1196 689 ὑπὸ

133 722 190 782 τῶν
209 715 363 807 πολεμίων
388 716 533 810 ὡσαύτως
555 710 724 800 πιέζεσθαι,
746 717 819 795 τοὺς
836 719 1011 813 χιλιάρχους
1029 730 1197 820 παρῄνεσε,

131 820 170 887 τά
187 846 223 887 τε
237 813 294 888 δύο
313 821 465 913 τάγματα
479 822 623 900 ἀλλόλοις
637 824 708 891 κατ’
721 823 822 918 ὀλίγον
842 817 1001 911 συζεῦξαι,
1016 831 1067 897 καὶ
1085 830 1127 899 τὰ
1140 858 1197 908 οη.

131 932 198 1019 μεῖα
211 925 296 994 κατὰ
310 937 372 993 τῶν
386 924 539 1018 πολεμίων
554 928 726 1020 ςρέφεσθαι.
743 932 864 998 Τούτου
878 924 915 998 δὲ
929 935 1133 1027 πραχθέντος,
1146 941 1197 1009 καὶ

129 1036 227 1099 αὐτῶν
250 1034 395 1111 ἀλληλοις
409 1027 618 1117 όοηθούντων,
633 1038 712 1127 μητε
735 1061 770 1130 γε
792 1028 962 1126 δεδιότων,
986 1045 1028 1132 μὴ
1052 1044 1111 1111 ὑπὸ
1134 1054 1196 1113 τῶν

129 1139 280 1231 πολεμίων
300 1141 335 1205 ἐκ
352 1140 483 1232 πλαγίου
502 1139 698 1224 κυκλωθεῖεν,
715 1146 947 1238 τολμηροτέρως
965 1147 1020 1238 μέν
1040 1150 1196 1241 ἀντέχειν,

127 1244 175 1315 καὶ
189 1245 426 1338 ἕρρωμενίςερον
445 1239 577 1338 ἤρξαντο
593 1245 754 1339 μάχεσθαι.
770 1234 817 1315 Εν
827 1253 931 1338 τούτῳ
949 1242 984 1319 δέ
999 1256 1063 1321 οίτε
1081 1266 1144 1322 τῶν
1165 1260 1196 1324 ἐν

127 1362 164 1445 τῇ
185 1350 410 1440 ὀπισθοφυλακι
423 1358 543 1445 φυλακῇ
558 1363 621 1418 τῶν
635 1356 826 1447 σκευοφόρων
837 1407 847 1439 ,
860 1361 1124 1449 καταλειφθέντων
1140 1352 1196 1431 δύο

126 1457 296 1551 ταγμάτων
323 1466 513 1551 ςρατιῶτοιι,
532 1460 589 1532 τὴν
614 1458 716 1551 μάχην
743 1461 948 1547 ἀκούσαντες,
970 1455 1112 1559 δρομαῖον
1142 1460 1196 1535 διὰ

125 1574 179 1633 τοῦ
195 1565 283 1657 ὅρους
302 1565 482 1647 ἀνηκοντες,
501 1564 560 1631 ὑπὸ
578 1575 639 1631 τῶν
658 1565 811 1658 πολεμίων
830 1571 979 1660 ἑωρῶντο·
996 1575 1016 1638 ὅ
1023 1623 1033 1654 ,
1050 1598 1084 1640 τε
1103 1573 1195 1652 Τίτος

123 1666 278 1749 Ααύιηνὸς
292 1672 330 1738 τὸ
345 1679 406 1737 τῶν
421 1670 573 1761 πολεμίων
595 1666 794 1761 καταλαύὼν,
805 1667 1019 1765 ςρατόπεδον,
1034 1680 1123 1764 κάπὸἸ
1139 1690 1195 1747 τοῦ

124 1780 209 1872 ὅρους
224 1776 267 1843 τὰ
284 1780 314 1843 έν
334 1786 379 1863 τῷ
398 1784 459 1843 τῶν
474 1762 621 1868 Ῥωμαίων
639 1780 806 1869 ποιούμενα
821 1785 1032 1867 κατανοήσας,
1046 1786 1084 1851 τὸ
1100 1777 1193 1853 δέκα·

123 1912 175 1953 τον
208 1883 316 1978 τάγμα
343 1881 500 1976 ἐπικουρίᾳ
520 1892 576 1949 τοῦ
598 1882 753 1975 Καίσαρος
774 1881 948 1976 ἐπέμψατο.
978 1887 1076 1957 Οὗτοι
1105 1882 1136 1957 δ’
1164 1894 1192 1959 οἱ

122 1996 296 2084 ςρατιῶται
313 1990 348 2055 ἔκ
366 2013 401 2056 τε
417 1999 473 2066 τῆς
489 1998 550 2081 τῶν
570 1988 684 2057 ἱππίων
701 1989 751 2056 καὶ
768 2001 830 2057 τῶν
847 1992 1018 2061 ἀκολούθων
1033 2007 1147 2090 φυγῆς,
1161 2001 1191 2063 ἐν

122 2096 146 2184 ᾧ
165 2122 199 2163 τε
220 2093 264 2163 τά
278 2095 450 2189 πράγματα
468 2095 529 2177 εἴη,
544 2094 595 2161 καὶ
613 2097 642 2161 ἐν
662 2096 749 2181 πόσῳ
768 2088 897 2185 κινδύνῳ
917 2099 970 2183 τό,
989 2126 1025 2167 τι
1042 2105 1192 2193 ςρατόπε-

122 2196 197 2287 δον,
211 2202 262 2269 καὶ
286 2202 314 2269 οἱ
332 2208 525 2295 ςρατιῶται,
539 2202 632 2279 αὐτός
651 2227 685 2268 τε
707 2208 723 2269 ὁ
746 2199 847 2295 ἀρχων
867 2205 1030 2298 περιςαίη,
1047 2210 1189 2302 γνόντες,

119 2302 207 2378 οὐδὲν
221 2308 341 2375 ἀνίεσαν
361 2319 417 2386 τῆς
430 2310 619 2399 ταχύτητος.

167 2417 320 2485 XXVII.
348 2416 396 2507 Τῇ
420 2405 455 2480 δὲ
478 2415 596 2481 τούτων
623 2409 721 2507 ἀφίξει
749 2418 886 2489 τοσαύτη
911 2427 972 2484 τῶν
996 2421 1187 2516 πραγμάτων

118 2519 277 2622 μεταόολὴ
298 2523 436 2616 ἐγένετο,
458 2524 519 2598 ὥςε
545 2519 596 2588 καὶ
619 2519 646 2589 οἳ
671 2529 732 2593 τῶν
756 2533 813 2590 τοῦ
835 2523 990 2617 Καίσαρος
1006 2538 1187 2619 ςρατιωτῶν

117 2622 177 2704 ἤδη
189 2632 249 2698 ὑπὸ
265 2627 451 2720 τραυμάτων
467 2628 664 2718 ἀπειρηκότες
679 2631 907 2709 ἐπεπτώκεσαν,
915 2631 989 2697 τότε
999 2639 1067 2711 ταῖς
1079 2635 1186 2704 ἀσπίσι

118 2747 201 2828 σφῶν
217 2726 416 2830 ἐρειδόμενοι,
427 2732 629 2824 ἀνεμάχοντο.
643 2732 708 2830 Καὶ
721 2733 748 2800 υἱ
763 2734 817 2824 μὲν
832 2733 993 2802 ἀκόλουθοι
1007 2740 1079 2816 τοὺς
1090 2749 1186 2807 πολε·

116 2842 203 2936 μίους
226 2835 379 2934 ἐμφύόους
399 2849 639 2922 κατανοοῦντες,
658 2835 770 2906 ἀοπλοι
795 2843 994 2930 ὡπλισμένοις
1022 2843 1183 2938 ἀντγίεσαν·

117 2951 143 3016 οἱ
161 2942 198 3016 δὲ
220 2949 320 3024 ἱππεῖς
344 2948 399 3020 την
424 2955 479 3022 τῆς
498 2943 625 3037 πρόσθεν
651 2951 733 3034 σφῶν
756 2954 852 3038 φυγῆς
879 2945 1072 3038 αἰσχρότητα
1090 2950 1184 3046 ἀρετῇΙ
1214 2983 1218 2990 ’

115 3050 268 3146 ἀφανίζειν
290 3049 486 3143 όουλόμενοι,
501 3050 678 3141 πανταχόσε
698 3061 753 3128 τῆς
772 3049 890 3142 μάχης,
905 3055 1016 3131 αὐτοῖς
1027 3063 1091 3133 τοῖς
1110 3083 1185 3153 ταγ.

115 3168 257 3254 ματικοῒς
276 3161 465 3254 ςρατιιύταις
478 3157 703 3250 προεμάχοντο,
721 3156 762 3222 Οἱ
776 3149 811 3222 δὲ
824 3159 986 3252 πολέμιοι,
1005 3160 1113 3256 καίπερ
1128 3169 1183 3231 ού-

115 3259 223 3360 δεμίαν
242 3269 287 3333 ἔτ’
301 3255 413 3334 ἐλπίδα
426 3263 577 3357 σωτηρίας
591 3265 785 3353 ποιούμενοι,
801 3266 883 3354 ὅμως
900 3261 1028 3358 μεγίςην
1043 3268 1112 3337 τότ’
1126 3271 1182 3337 ἐπ.

114 3365 289 3441 εδείκνυσαν
313 3371 419 3444 ἀλκάν.
447 3373 515 3434 Τῶν
542 3369 754 3460 πρωτοςάτων
783 3368 837 3459 μὲν
863 3367 923 3460 γάρ
953 3372 1129 3456 πεσόντων,
1153 3377 1182 3441 οἱ

113 3457 256 3553 πλησίον.
270 3458 375 3545 ἀὐτῶν
404 3469 587 3558 ἐπιόάντες,
608 3469 641 3552 ἐξ
668 3477 769 3540 αὐτῶν
806 3475 970 3566 ἐμάχοντο·
999 3479 1118 3546 τούτων
1146 3472 1181 3547 δὲ

114 3585 163 3654 καὶ
184 3588 232 3652 ἔτι
252 3582 487 3663 ἀποθανόντων,
502 3580 553 3647 καὶ
570 3591 632 3646 τῶν
647 3579 799 3672 σωμάτων
817 3584 1061 3674 σεσωρευμένων,
1076 3585 1104 3651 οἱ
1120 3593 1181 3653 λοι-

113 3693 185 3774 ποὶ,
208 3699 248 3769 ὡς
270 3691 332 3757 ἀπὸ
351 3689 432 3764 τινὸς
453 3686 607 3781 γηλόφου,
621 3686 661 3764 εἰς
682 3687 753 3763 τοὺς
772 3672 933 3777 Ρωμαίους
951 3682 1108 3768 ἠκόντιζον
1130 3695 1181 3758 ἐν·

15 3787 16 3792 ¹
111 3797 234 3879 τεῦθεν,
249 3797 301 3863 καὶ
315 3793 356 3862 τὰ
370 3794 430 3862 ὑπὸ
444 3803 505 3859 τῶν
519 3777 666 3884 Ρωμαίων
682 3785 856 3885 όαλλόμενα
873 3793 1002 3860 ἀκόντια
1012 3790 1180 3884 λαθόντες,

111 3905 203 3972 πάλιν
229 3902 268 3980 εἰς
289 3883 400 3978 αὐτοὺς
425 3897 638 3988 ἐπαναφίεσαν.
658 3880 728 3993 έλῌΙ
740 3889 776 3963 ού
794 3889 858 3965 δέοι
876 3902 1004 3966 πώποτε
1023 3897 1178 3993 νομίζειν,

112 4013 209 4086 οὕτως
224 4007 370 4100 ἀλκίμους
384 3991 510 4098 ἀνδρας,
521 3995 685 4071 διαύαίνειν
701 4002 727 4069 θ’
741 4006 839 4081 οὕτως
853 4005 938 4098 εύρὺν
958 4009 1116 4099 ποταμὸν,
1127 4014 1180 4078 καὶ

111 4116 163 4208 ὅρη
185 4115 422 4210 ἀποτομώτατα
436 4105 623 4214 ἀναύαίνειν,
636 4107 791 4204 προελθεῖν
811 4113 841 4174 τ’
855 4109 895 4189 είς
909 4101 1100 4206 δυσχωρίαν,
1115 4118 1179 4208 μά.

161 4251 233 4316 ΙΙΙ.
950 4240 998 4316 25
