3000 5025
297 477 367 547 DE
396 478 527 547 VITA
553 478 699 547 JULII
725 481 974 563 CAESARIS.
1102 490 1168 563 161

111 609 225 707 legatos
240 612 365 680 interea
378 612 492 679 amicis
512 610 667 681 subvenit
684 614 876 707 egentibus,
889 622 1085 690 nommatim
1099 627 1172 696 Pic-

110 732 214 787 tcnum
237 719 271 785 in
292 716 433 804 finibus,
451 718 601 787 Duracio
626 717 741 814 populi
765 724 909 791 Romani
929 728 1037 798 arnico
1063 730 1172 802 stabili

30 898 31 907 χ
108 848 227 918 semper
244 848 284 893 ac
307 822 391 911 fido,
410 825 467 916 qui
487 837 569 892 tunc
587 828 748 921 temporis
765 826 809 895 ad
832 831 1019 901 Lemonum
1040 836 1172 907 obside·

30 944 31 947 ’
108 930 194 1001 batur
222 930 265 999 ab
287 929 397 999 Andio
423 931 617 1017 Dumnaco,
648 934 706 1025 qui
739 932 783 1001 ad
809 933 933 1005 famam
962 939 1173 1016 adventantis

30 1044 32 1127 J
107 1036 206 1106 auxilii
227 1026 373 1105 Rdmani
397 1037 433 1103 in
453 1035 568 1131 fugam
586 1061 723 1125 versus,
745 1054 845 1133 atque
869 1044 957 1112 inter
975 1044 1172 1141 firgiendrun

30 1142 32 1207 3
107 1142 208 1237 praelio
229 1146 359 1229 vietus,
380 1166 420 1211 ac
445 1143 583 1212 sarcinis
607 1144 762 1215 omnibus
784 1146 958 1241 spoliatus,
978 1154 1035 1219 vix
1056 1160 1179 1227 evasit-

30 1236 32 1293 l
107 1252 260 1319 Duracius
278 1248 450 1319 obsidione
471 1248 647 1339 liberatus3
665 1250 778 1321 multae
795 1278 856 1349 per
871 1254 907 1323 id
921 1271 1053 1355 tempus
1071 1263 1170 1333 urbes

30 1388 31 1393 ¹
105 1357 134 1423 in
151 1370 348 1451 potestatem
366 1354 481 1452 populi
494 1357 638 1425 Romani
653 1357 796 1429 redactae
813 1362 894 1430 etin
908 1362 1010 1433 fidem
1027 1383 1170 1463 receptae

106 1478 185 1551 sunt;
205 1466 242 1532 in
263 1462 386 1557 quibus
413 1462 505 1531 fuero
524 1465 688 1533 Carnutes
710 1466 768 1559 qui
788 1464 858 1535 fere
880 1492 1013 1565 semper
1033 1487 1171 1545 eatenus

105 1568 249 1639 obstinati
271 1571 307 1637 in
333 1567 513 1637 rebellione
540 1586 815 1663 permanserant5
843 1598 988 1667 quorum
1016 1580 1170 1675 exemplo

30 1728 32 1771 ,
104 1690 188 1745 motae
206 1676 309 1745 urbes
330 1674 401 1745 aliae
420 1674 608 1747 Galliarum
618 1678 793 1747 Oceanum
805 1678 1009 1770 accolentes,
1027 1710 1101 1779 quae
1119 1688 1169 1755 di-

30 1828 31 1833 1
105 1782 252 1853 oebantur
265 1783 465 1869 Armoricae,
478 1796 595 1877 sponte
614 1806 756 1851 romano
767 1784 852 1879 jugo
871 1785 957 1857 colla
972 1789 1169 1883 subjiciunt,

103 1913 166 1981 que
184 1890 299 1960 omnia
317 1913 376 1982 per
397 1890 518 1959 Caium
540 1888 679 1958 Fabium
701 1905 794 1983 gesta
816 1907 903 1961 sunt
927 1896 971 1963 At
989 1898 1092 1968 Gaius
1104 1901 1169 1969 Ca·

104 1996 197 2067 ninius
211 1998 420 2091 Drappetem
436 1996 600 2064 Senonem
618 2010 653 2065 et
671 1998 847 2065 Luterium
865 1998 1058 2071 Cadurcum
1072 2006 1170 2075 auda·

103 2102 237 2173 eissimos
247 2103 566 2195 nocentissimosque
579 2102 809 2197 homines,qui
821 2103 970 2177 adunata
978 2132 1169 2201 servorum,

102 2208 288 2303 anulumque
310 2234 349 2279 ac
376 2207 543 2277 latronum
565 2232 686 2307 manu,
708 2223 743 2278 et
767 2212 938 2281 Romanos
963 2234 1168 2290 commeatus

102 2316 247 2405 tubere,
274 2331 308 2385 et
336 2313 401 2383 late
433 2313 624 2403 latrocinari
650 2312 738 2384 soliti
766 2332 882 2405 erant,
909 2320 957 2388 sic
984 2322 1019 2389 in
1043 2323 1167 2397 finibus

102 2422 321 2493 Cadurcorum
335 2420 465 2497 obsedit
476 2423 640 2517 primum3
652 2420 779 2490 dehinc
788 2438 902 2493 autem
915 2425 1166 2502 Uxellodunum

100 2518 148 2614 (id
157 2530 296 2626 oppido,
310 2554 379 2624 quo
390 2528 645 2615 obsidebantur,
660 2543 731 2598 erat
742 2554 882 2617 nomen,
892 2523 905 2619 l
915 2539 1167 2628 comportandis

101 2633 261 2706 frumentis
282 2640 427 2704 intentos
446 2657 636 2730 aggressus,
660 2636 834 2704 Laterium
853 2661 1002 2706 seorsum
1025 2643 1071 2709 ita
1092 2646 1164 2714 acie
1241 2669 1245 2677 ¹

102 2743 262 2830 contudit,
285 2757 347 2831 ut,
373 2743 431 2812 vin
458 2765 499 2809 eo
531 2766 609 2810 cum
637 2742 846 2834 paucissimis
867 2739 1030 2835 fugiente,
1052 2749 1164 2818 suiad

100 2871 190 2918 unum
209 2873 328 2920 omnes
350 2847 569 2934 caederentur3
592 2870 700 2942 neque
721 2848 811 2916 enim
829 2871 1031 2942 quemquam
1045 2853 1163 2924 sceles-

101 2966 196 3024 tonrm
217 2957 331 3026 furum
350 2955 493 3030 Romani
511 2952 631 3024 milites
649 2954 765 3020 vivum
784 2949 904 3047 dapere
921 2953 1162 3050 dignarentur:

30 3039 32 3052 i
100 3071 178 3131 unu
190 3063 334 3156 denique.
350 3075 476 3154 strages
496 3059 575 3145 fuit,
589 3073 628 3128 ut
644 3083 686 3126 ne
704 3083 791 3128 unus
809 3060 945 3153 quidem
963 3083 1164 3158 superesset,

30 3243 32 3266 Ι
101 3169 146 3258 qui
164 3172 211 3238 rei
229 3169 367 3239 nuntius
389 3165 432 3234 ad
450 3168 657 3260 Drappetem
676 3167 755 3250 iret,
774 3167 852 3259 qui,
868 3181 907 3236 ut
931 3184 1034 3261 putu,
1049 3197 1162 3244 rerum

30 3267 32 3318 l
101 3277 230 3364 nescius,
256 3278 291 3344 in
314 3275 431 3344 castris
450 3295 570 3366 agens,
592 3286 626 3340 et
650 3271 791 3341 fortasse
818 3274 945 3342 socium
967 3293 1162 3370 expectans,

101 3380 195 3452 subito
216 3382 366 3451 hostium
382 3381 534 3465 incursu,
551 3380 623 3472 pari
637 3391 747 3472 strage
760 3375 888 3448 deletus
900 3395 966 3449 est:
981 3381 1048 3452 hoc
1062 3386 1163 3454 inter·

102 3482 168 3575 fuir,
181 3467 272 3584 quod
290 3485 388 3574 alter,
409 3487 478 3555 suis
496 3484 729 3580 pereuntibus,
748 3483 895 3573 abierat3
917 3485 973 3554 hic
991 3487 1026 3556 in
1043 3506 1163 3562 manus

101 3589 229 3664 hostium
243 3597 340 3664 vivus
352 3594 455 3679 venit,
465 3592 644 3687 paucisque
656 3605 734 3686 post
747 3589 876 3678 diebus,
890 3616 949 3661 seu
960 3592 1075 3664 dolore
1089 3622 1163 3694 cap

30 3701 32 3782 l
101 3698 220 3778 tivitatm
234 3716 269 3770 et
280 3700 439 3785 fortunae,
451 3723 511 3767 seu
529 3697 624 3784 odio,
640 3722 697 3766 seu
716 3711 808 3766 metu
824 3697 976 3794 supplicii
983 3704 1163 3795 grammis,

30 3791 32 3808 '
101 3821 266 3897 spontanea
292 3806 359 3876 cibi
378 3805 486 3880 inedia
507 3806 610 3875 vitam
632 3802 748 3872 finivit.
1113 3868 1117 3881 ,
1153 3871 1157 3882 ,

30 3899 32 4000 i
120 3916 198 3984 'llis
218 3913 361 3986 feliciter
381 3911 576 4003 fortiterque
595 3934 655 4006 per
676 3908 807 4004 legatos
824 3912 942 4004 gestis,
965 3913 1094 4003 Caesar,
1108 3940 1163 3988 re,

102 4011 165 4086 licto
181 4022 214 4090 in
227 4019 412 4090 Bellovacis
431 4019 549 4088 Marco
568 4018 716 4086 Antonio
732 4041 815 4090 cum
833 4017 1007 4111 praesidio,
1024 4024 1165 4116 nequid

102 4127 165 4194 novi
183 4126 346 4204 tumultus
366 4125 528 4212 oriretur,
547 4149 608 4218 per
631 4149 665 4196 se
683 4125 794 4216 ipsum
813 4124 921 4196 urbes·
936 4123 1015 4195 alias
1036 4129 1162 4232 invisit:

145 4261 209 4329 III.
962 4281 1002 4327 11
