3000 5025
310 466 387 533 DE*
407 462 537 532 VITA
563 464 710 531 JULII
737 462 977 532 CAESARIS.
1107 458 1180 535 125

128 612 210 694 pente
226 598 326 667 animi
347 597 447 665 variae
463 598 571 690 gentis
591 609 625 665 et
646 594 806 683 credulae,
824 594 1032 691 usqueadeo
1046 610 1085 665 ut
1105 594 1181 668 laeto

127 703 240 799 plausu,
262 718 295 773 et
320 727 492 777 armorum
523 704 672 797 crepitu,
695 694 807 797 (quod
837 705 969 798 signum
996 717 1069 772 erat
1083 703 1182 781 ⁴dicta

126 812 334 880 concionantis
356 809 538 879 astantibus
566 801 764 903 placuisse,)
787 808 1026 898 acclamarent3
1050 825 1084 878 et
1113 836 1181 881 uua

125 942 192 986 voce
204 917 457 1011 Vercingetorix
478 928 626 985 sutnmus
644 914 770 985 ducum
788 940 828 986 ac
846 914 1055 986 fidelissimus
1073 917 1181 987 hoini-

123 1049 190 1092 num
209 1024 385 1093 diceretur.
408 1025 519 1091 Caesar
534 1023 668 1091 Avarici
686 1036 831 1118 coeptam
849 1023 1074 1111 obsidionem,
1091 1028 1181 1120 coep-

123 1145 239 1224 tamque
251 1131 478 1200 defensionem
493 1129 606 1198 hostes
626 1144 811 1225 peragunt,
828 1131 929 1224 inque
942 1129 1013 1199 dies
1029 1130 1182 1203 obnixius

123 1238 261 1331 utrique:
283 1260 362 1305 nam
388 1250 423 1304 et
443 1237 587 1304 Romani
611 1260 767 1330 aggerem
789 1236 941 1330 immensi
962 1238 1089 1331 operis,
1105 1237 1182 1333 gelu

124 1345 231 1438 ingenti
252 1368 292 1413 ae
315 1343 421 1411 imbre
449 1356 611 1437 perpetuo
634 1342 837 1437 praepediti,
850 1345 974 1412 virtute
1000 1357 1113 1412 tamen
1142 1368 1181 1415 ac

124 1450 351 1543 perseverantia
359 1448 570 1518 difficultates
582 1450 901 1544 superante,viginti
909 1452 1057 1544 quinque
1065 1448 1182 1520 diebus

124 1570 339 1644 extruxerant,
355 1570 390 1624 et
404 1557 507 1625 muris
529 1555 769 1623 admoverant:
791 1569 826 1623 et
842 1555 929 1625 Galli
948 1556 1063 1625 decem
1080 1555 1184 1626 millia

124 1686 154 1731 ex
172 1661 388 1733 omniGallia
406 1661 612 1731 delectorum
625 1662 802 1731 hominnm
816 1661 940 1756 oppido
963 1663 1181 1752 intruserant,

124 1794 153 1837 co
173 1768 328 1858 consiliu,
350 1794 392 1837 ne
410 1768 464 1838 vel
485 1766 562 1847 solis
581 1768 785 1862 Biturigibus
806 1767 893 1837 salus
912 1766 1047 1863 publica
1068 1768 1182 1839 crede·

123 1890 214 1966 retur,
232 1876 287 1945 vel
309 1877 431 1945 seruati
451 1874 565 1969 oppidi
586 1873 692 1968 gloria
712 1873 859 1944 solorum
876 1890 962 1943 esset
980 1876 1182 1971 Biturigum,

123 1982 167 2051 sed
195 1982 371 2054 Gallorum
398 1984 569 2069 omnium,
594 1996 629 2050 et
656 1983 737 2051 actis
759 1981 821 2050 sub
852 1994 976 2051 terram
1000 1981 1183 2073 cuniculis,

78 2154 80 2161 Α
122 2088 306 2185 incensoque
326 2114 388 2183 per
408 2103 543 2159 noctem
564 2112 702 2182 aggere,
721 2102 756 2157 et
772 2085 870 2157 simul
890 2089 986 2158 factis
1000 2090 1183 2183 eruptioni·

122 2193 171 2265 bus
193 2220 333 2267 romana
356 2210 464 2264 castra
483 2197 518 2263 in
540 2219 664 2289 magno
686 2194 874 2264 discrimine
893 2196 1098 2291 posuissent3
1121 2198 1184 2267 nisi

122 2326 235 2373 summa
253 2302 348 2372 ducis
366 2301 574 2397 providentia
596 2315 682 2369 esset
703 2326 896 2389 occursum,
917 2300 1008 2396 quod
1028 2302 1110 2373 duas
1132 2328 1183 2374 as·

123 2409 198 2479 sidue
219 2409 366 2505 legiones
388 2408 551 2477 excubare
574 2433 637 2503 pro
657 2409 773 2477 castris
796 2407 967 2477 faciebat:
993 2408 1112 2478 harum
1133 2412 1183 2479 in·

121 2529 314 2605 tomentum,
329 2531 494 2586 eteorum
506 2516 579 2609 qui,
595 2515 742 2608 ejusdem
760 2515 870 2608 jussu,
887 2516 966 2584 totis
979 2518 1133 2587 noctibus
1149 2521 1185 2587 in

122 2648 208 2718 opere
222 2622 422 2720 vigilabant,
437 2636 472 2690 et
487 2621 630 2714 {lammae
647 2623 819 2710 extinctae,
836 2635 870 2688 et
883 2620 1024 2690 insultus
1036 2622 1185 2694 hostium

122 2744 188 2798 sunt
205 2728 347 2825 repulsi3
370 2743 404 2796 et
422 2729 554 2797 excitati
571 2752 687 2797 omnes
701 2728 780 2796 totis
794 2751 813 2794 e
831 2728 948 2795 castris
965 2727 1008 2795 ad
1023 2726 1184 2799 auxilium

122 2850 356 2924 conuenerunt,
379 2859 442 2903 nec
464 2858 601 2904 romana
623 2835 747 2902 virtute
772 2831 891 2929 gallica
908 2832 983 2901 ideo
1003 2836 1186 2928 pertinacia
1206 2890 1209 2895 .

122 2938 317 3014 lentescebat.
338 2941 505 3010 Obstinati
522 2943 557 3008 in
582 2954 725 3011 mortem
744 2964 814 3008 non
825 2953 957 3008 tantum
973 2941 1186 3032 resistebant,

123 3051 169 3118 sed
179 3073 353 3145 erumpere
365 3047 548 3134 audebant,
561 3072 623 3115 neo
632 3046 686 3115 vel
698 3046 812 3115 hostes
818 3046 992 3136 invadere,
1001 3046 1054 3116 vel
1058 3049 1185 3142 jactare

122 3155 260 3226 incendia
281 3155 493 3238 desinebant,
514 3168 548 3221 et
569 3151 705 3222 defessis
723 3154 864 3248 integri,
891 3168 925 3222 et
948 3155 1018 3222 vivi
1045 3159 1184 3226 mortuis

124 3264 348 3344 succedebant3
365 3275 404 3330 ut
424 3262 481 3354 qui
509 3261 544 3328 in
562 3284 603 3327 eo
623 3261 696 3354 ipso
718 3262 880 3355 temporis
897 3274 1068 3330 momento
1084 3263 1184 3331 situm

124 3371 222 3459 patriae
242 3383 383 3455 statiua,
406 3382 440 3435 et
461 3365 602 3436 salutem
624 3368 726 3435 totius
748 3365 866 3450 Galliae
889 3369 1081 3460 cogitarent
1108 3371 1186 3457 Qua

125 3474 152 3541 in
176 3467 267 3570 par'te
294 3473 565 3570 praetereundum
595 3497 663 3544 non
691 3473 824 3542 videtur
848 3471 929 3540 illud
954 3474 1185 3566 memorabile,

125 3583 200 3671 quod
219 3583 446 3676 nec=scriptor
473 3605 492 3648 a
517 3605 584 3674 quo
607 3593 684 3649 ante
704 3578 787 3649 alios
808 3581 871 3647 ista
893 3579 1103 3673 decerpimus
1125 3582 1186 3652 sibi

125 3689 376 3776 praetereundum
389 3687 604 3770 existimavit,
624 3686 686 3755 sub
704 3685 812 3755 oculis
828 3688 895 3755 suis
913 3700 1052 3780 gestum.
1070 3686 1186 3759 Gallus

126 3795 243 3883 quidam
264 3809 342 3864 ante
365 3807 496 3888 portam
512 3792 627 3888 oppidi
637 3791 776 3863 traditas
794 3793 826 3860 ei
839 3792 883 3860 ab
901 3793 1088 3861 intrinsecis
1102 3795 1185 3889 picis

126 3918 158 3966 ae
183 3905 246 3971 sevi
275 3901 388 3996 glebas
418 3901 585 3995 inignem
611 3899 785 3992 jactabat:
808 3900 983 3993 scorpione
1007 3900 1186 3972 transfixus

127 4009 381 4101 exanimatusque
405 4006 599 4102 procubuit3
621 4031 708 4075 unus
731 4031 751 4075 e
777 4006 937 4100 proximis
963 4019 1186 4101 transgressus

128 4104 205 4182 hunc
224 4115 407 4207 jacentem,
433 4128 467 4182 et
487 4112 626 4208 periculi
652 4111 790 4200 oblitus,
817 4111 936 4185 eodem
958 4111 1072 4184 officio
1094 4114 1188 4209 fungi
1235 4146 1238 4151 ⁴
