<?xml version="1.0" encoding="UTF-8"?>
<!DOCTYPE html PUBLIC "-//W3C//DTD XHTML 1.0 Transitional//EN"
    "http://www.w3.org/TR/xhtml1/DTD/xhtml1-transitional.dtd">
<html xmlns="http://www.w3.org/1999/xhtml" xml:lang="en" lang="en">
 <head>
  <title>
</title>
<meta http-equiv="Content-Type" content="text/html;charset=utf-8" />
  <meta name='ocr-system' content='tesseract 3.04.00' />
  <meta name='ocr-capabilities' content='ocr_page ocr_carea ocr_par ocr_line ocrx_word'/>
</head>
<body>
  <div class='ocr_page' id='page_1' title='image "./caiusjuliuscsar00unkngoog_0363.png"; bbox 0 0 3000 5025; ppageno 0'>
   <div class='ocr_carea' id='block_1_1' title="bbox 292 510 989 583">
    <p class='ocr_par' dir='ltr' id='par_1_1' title="bbox 292 510 989 583">
     <span class='ocr_line' id='line_1_1' title="bbox 292 510 989 583; baseline -0.006 0"><span class='ocrx_word' id='word_1_1' title='bbox 292 510 366 583; x_wconf 76' lang='lat'>332</span> <span class='ocrx_word' id='word_1_2' title='bbox 671 513 989 581; x_wconf 82' lang='lat' dir='ltr'><strong>PLUTARCHI</strong></span> 
     </span>
    </p>
   </div>
   <div class='ocr_carea' id='block_1_2' title="bbox 202 634 1380 3617">
    <p class='ocr_par' dir='ltr' id='par_1_2' title="bbox 222 634 1378 2977">
     <span class='ocr_line' id='line_1_2' title="bbox 290 634 1369 740; baseline -0.006 -27"><span class='ocrx_word' id='word_1_3' title='bbox 290 638 486 738; x_wconf 75' lang='grc' dir='ltr'>κομιζόμενον</span> <span class='ocrx_word' id='word_1_4' title='bbox 501 636 543 711; x_wconf 91' lang='grc' dir='ltr'>δι’</span> <span class='ocrx_word' id='word_1_5' title='bbox 555 644 668 740; x_wconf 78' lang='grc' dir='ltr'>ἀγοράς</span> <span class='ocrx_word' id='word_1_6' title='bbox 680 644 844 713; x_wconf 76' lang='grc' dir='ltr'>ἐθεάσαντο</span> <span class='ocrx_word' id='word_1_7' title='bbox 856 652 924 722; x_wconf 83' lang='grc' dir='ltr'>ταῖς</span> <span class='ocrx_word' id='word_1_8' title='bbox 939 650 1071 738; x_wconf 86' lang='grc' dir='ltr'>πληγαῒς</span> <span class='ocrx_word' id='word_1_9' title='bbox 1083 634 1346 734; x_wconf 80' lang='grc' dir='ltr'>διαλελωόημένον</span> <span class='ocrx_word' id='word_1_10' title='bbox 1359 693 1369 725; x_wconf 87' lang='grc'>,</span> 
     </span>
     <span class='ocr_line' id='line_1_3' title="bbox 290 744 1369 845; baseline -0.006 -26"><span class='ocrx_word' id='word_1_11' title='bbox 290 756 345 819; x_wconf 82' lang='grc' dir='ltr'>οὐκ</span> <span class='ocrx_word' id='word_1_12' title='bbox 361 754 407 819; x_wconf 86' lang='grc' dir='ltr'>έτι</span> <span class='ocrx_word' id='word_1_13' title='bbox 421 751 535 845; x_wconf 77' lang='grc' dir='ltr'>κόσμον</span> <span class='ocrx_word' id='word_1_14' title='bbox 551 748 644 843; x_wconf 76' lang='grc' dir='ltr'>εἶχεν,</span> <span class='ocrx_word' id='word_1_15' title='bbox 657 744 728 819; x_wconf 81' lang='grc' dir='ltr'>οὐδὲ</span> <span class='ocrx_word' id='word_1_16' title='bbox 745 746 832 830; x_wconf 78' lang='grc' dir='ltr'>τάξιν</span> <span class='ocrx_word' id='word_1_17' title='bbox 848 755 949 819; x_wconf 79' lang='grc' dir='ltr'>αὐτῶν</span> <span class='ocrx_word' id='word_1_18' title='bbox 964 752 1002 817; x_wconf 85' lang='grc' dir='ltr'>τὸ</span> <span class='ocrx_word' id='word_1_19' title='bbox 1014 750 1144 832; x_wconf 80' lang='grc' dir='ltr'>πλῆθος,</span> <span class='ocrx_word' id='word_1_20' title='bbox 1156 747 1237 815; x_wconf 84' lang='grc' dir='ltr'>ἀλλά</span> <span class='ocrx_word' id='word_1_21' title='bbox 1253 757 1300 835; x_wconf 86' lang='grc' dir='ltr'>τῷ</span> <span class='ocrx_word' id='word_1_22' title='bbox 1316 748 1369 836; x_wconf 84' lang='grc' dir='ltr'>μὲν</span> 
     </span>
     <span class='ocr_line' id='line_1_4' title="bbox 289 845 1370 955; baseline -0.005 -31"><span class='ocrx_word' id='word_1_23' title='bbox 289 867 385 951; x_wconf 86' lang='grc' dir='ltr'>νεκρῷ</span> <span class='ocrx_word' id='word_1_24' title='bbox 400 860 673 951; x_wconf 76' lang='grc' dir='ltr'>περισωρεύσαντες</span> <span class='ocrx_word' id='word_1_25' title='bbox 689 853 721 937; x_wconf 77' lang='grc' dir='ltr'>ἐξ</span> <span class='ocrx_word' id='word_1_26' title='bbox 737 860 849 955; x_wconf 79' lang='grc' dir='ltr'>ἀγοράς</span> <span class='ocrx_word' id='word_1_27' title='bbox 867 855 966 950; x_wconf 85' lang='grc' dir='ltr'>βάθρα</span> <span class='ocrx_word' id='word_1_28' title='bbox 979 857 1031 923; x_wconf 89' lang='grc' dir='ltr'>καὶ</span> <span class='ocrx_word' id='word_1_29' title='bbox 1046 845 1206 951; x_wconf 71' lang='grc' dir='ltr'>κιγκλίδας</span> <span class='ocrx_word' id='word_1_30' title='bbox 1222 854 1274 921; x_wconf 88' lang='grc' dir='ltr'>καὶ</span> <span class='ocrx_word' id='word_1_31' title='bbox 1294 881 1370 947; x_wconf 89' lang='grc' dir='ltr'>τρα-</span> 
     </span>
     <span class='ocr_line' id='line_1_5' title="bbox 290 951 1373 1056; baseline -0.006 -25"><span class='ocrx_word' id='word_1_32' title='bbox 290 957 400 1047; x_wconf 71' lang='grc' dir='ltr'>πέζας,</span> <span class='ocrx_word' id='word_1_33' title='bbox 417 962 538 1055; x_wconf 75' lang='grc' dir='ltr'>ὑφῆψαν</span> <span class='ocrx_word' id='word_1_34' title='bbox 554 964 665 1033; x_wconf 67' lang='grc' dir='ltr'>αὐτοῦι</span> <span class='ocrx_word' id='word_1_35' title='bbox 679 965 731 1032; x_wconf 89' lang='grc' dir='ltr'>καὶ</span> <span class='ocrx_word' id='word_1_36' title='bbox 747 967 948 1032; x_wconf 70' lang='grc' dir='ltr'>κατέκαυσαν·</span> <span class='ocrx_word' id='word_1_37' title='bbox 965 959 1110 1056; x_wconf 87' lang='grc' dir='ltr'>ἀράμενοι</span> <span class='ocrx_word' id='word_1_38' title='bbox 1128 952 1169 1027; x_wconf 83' lang='grc' dir='ltr'>δὲ·</span> <span class='ocrx_word' id='word_1_39' title='bbox 1180 952 1294 1038; x_wconf 83' lang='grc' dir='ltr'>δαλοὺς</span> <span class='ocrx_word' id='word_1_40' title='bbox 1311 951 1373 1025; x_wconf 89' lang='grc' dir='ltr'>δια-</span> 
     </span>
     <span class='ocr_line' id='line_1_6' title="bbox 222 1060 1372 1164; baseline -0.003 -27"><span class='ocrx_word' id='word_1_41' title='bbox 222 1090 224 1095; x_wconf 82' lang='grc'>’</span> <span class='ocrx_word' id='word_1_42' title='bbox 290 1072 402 1163; x_wconf 91' lang='grc' dir='ltr'>πύρους</span> <span class='ocrx_word' id='word_1_43' title='bbox 418 1070 498 1138; x_wconf 86' lang='grc' dir='ltr'>έθεον</span> <span class='ocrx_word' id='word_1_44' title='bbox 523 1070 573 1137; x_wconf 78' lang='grc' dir='ltr'>ἐπὶ</span> <span class='ocrx_word' id='word_1_45' title='bbox 597 1070 654 1149; x_wconf 81' lang='grc' dir='ltr'>τὰς</span> <span class='ocrx_word' id='word_1_46' title='bbox 677 1070 773 1149; x_wconf 85' lang='grc' dir='ltr'>οἰκίας</span> <span class='ocrx_word' id='word_1_47' title='bbox 798 1078 860 1138; x_wconf 85' lang='grc' dir='ltr'>τῶν</span> <span class='ocrx_word' id='word_1_48' title='bbox 884 1071 1081 1164; x_wconf 70' lang='grc' dir='ltr'>ἀνῃρηκότων</span> <span class='ocrx_word' id='word_1_49' title='bbox 1104 1060 1372 1158; x_wconf 76' lang='grc' dir='ltr'>καταφλέξοντες,</span> 
     </span>
     <span class='ocr_line' id='line_1_7' title="bbox 291 1166 1373 1270; baseline -0.003 -29"><span class='ocrx_word' id='word_1_50' title='bbox 291 1172 380 1242; x_wconf 83' lang='grc' dir='ltr'>ἀλλοι</span> <span class='ocrx_word' id='word_1_51' title='bbox 395 1168 426 1241; x_wconf 86' lang='grc' dir='ltr'>δ’</span> <span class='ocrx_word' id='word_1_52' title='bbox 438 1176 566 1268; x_wconf 81' lang='grc' dir='ltr'>ἐφοίτων</span> <span class='ocrx_word' id='word_1_53' title='bbox 584 1180 763 1270; x_wconf 83' lang='grc' dir='ltr'>πανταχόσε</span> <span class='ocrx_word' id='word_1_54' title='bbox 777 1187 832 1255; x_wconf 76' lang='grc' dir='ltr'>τῆς</span> <span class='ocrx_word' id='word_1_55' title='bbox 848 1177 983 1258; x_wconf 75' lang='grc' dir='ltr'>πολεως,</span> <span class='ocrx_word' id='word_1_56' title='bbox 996 1169 1156 1242; x_wconf 78' lang='grc' dir='ltr'>συλλαύεῖν</span> <span class='ocrx_word' id='word_1_57' title='bbox 1172 1173 1224 1240; x_wconf 86' lang='grc' dir='ltr'>καὶ</span> <span class='ocrx_word' id='word_1_58' title='bbox 1237 1166 1373 1241; x_wconf 80' lang='grc' dir='ltr'>διασπά·</span> 
     </span>
     <span class='ocr_line' id='line_1_8' title="bbox 292 1270 1374 1376; baseline -0.001 -29"><span class='ocrx_word' id='word_1_59' title='bbox 292 1281 403 1349; x_wconf 89' lang='grc' dir='ltr'>σασθαι</span> <span class='ocrx_word' id='word_1_60' title='bbox 414 1285 485 1360; x_wconf 89' lang='grc' dir='ltr'>τοὺς</span> <span class='ocrx_word' id='word_1_61' title='bbox 500 1274 614 1376; x_wconf 87' lang='grc' dir='ltr'>ἀνδρας</span> <span class='ocrx_word' id='word_1_62' title='bbox 625 1278 799 1363; x_wconf 70' lang='grc' dir='ltr'>ζητοῦντες.</span> <span class='ocrx_word' id='word_1_63' title='bbox 813 1280 869 1362; x_wconf 87' lang='grc' dir='ltr'>Οίς</span> <span class='ocrx_word' id='word_1_64' title='bbox 881 1282 998 1349; x_wconf 75' lang='grc' dir='ltr'>ἐκείνων</span> <span class='ocrx_word' id='word_1_65' title='bbox 1011 1282 1064 1373; x_wconf 82' lang='grc' dir='ltr'>μὲν</span> <span class='ocrx_word' id='word_1_66' title='bbox 1077 1270 1176 1357; x_wconf 83' lang='grc' dir='ltr'>οὐδεὶς</span> <span class='ocrx_word' id='word_1_67' title='bbox 1188 1280 1374 1363; x_wconf 70' lang='grc' dir='ltr'>ἀπήντησεν,</span> 
     </span>
     <span class='ocr_line' id='line_1_9' title="bbox 292 1376 1374 1483; baseline -0.002 -30"><span class='ocrx_word' id='word_1_68' title='bbox 292 1388 361 1455; x_wconf 84' lang='grc' dir='ltr'>ἀλλ’</span> <span class='ocrx_word' id='word_1_69' title='bbox 374 1384 405 1454; x_wconf 86' lang='grc' dir='ltr'>εὖ</span> <span class='ocrx_word' id='word_1_70' title='bbox 420 1393 628 1483; x_wconf 75' lang='grc' dir='ltr'>πεπραγμένον</span> <span class='ocrx_word' id='word_1_71' title='bbox 641 1376 756 1468; x_wconf 85' lang='grc' dir='ltr'>πάντες</span> <span class='ocrx_word' id='word_1_72' title='bbox 772 1386 861 1461; x_wconf 78' lang='grc' dir='ltr'>ἦσαν.</span> <span class='ocrx_word' id='word_1_73' title='bbox 873 1388 986 1465; x_wconf 82' lang='grc' dir='ltr'>Κίννας</span> <span class='ocrx_word' id='word_1_74' title='bbox 1004 1380 1041 1454; x_wconf 92' lang='grc' dir='ltr'>δέ</span> <span class='ocrx_word' id='word_1_75' title='bbox 1053 1414 1101 1465; x_wconf 88' lang='grc' dir='ltr'>τις</span> <span class='ocrx_word' id='word_1_76' title='bbox 1114 1383 1125 1409; x_wconf 85' lang='lat'>²</span> <span class='ocrx_word' id='word_1_77' title='bbox 1141 1394 1203 1453; x_wconf 87' lang='grc' dir='ltr'>τῶν</span> <span class='ocrx_word' id='word_1_78' title='bbox 1219 1386 1374 1478; x_wconf 86' lang='grc' dir='ltr'>Καίσαρος</span> 
     </span>
     <span class='ocr_line' id='line_1_10' title="bbox 292 1490 1375 1588; baseline -0.002 -29"><span class='ocrx_word' id='word_1_79' title='bbox 292 1492 419 1585; x_wconf 83' lang='grc' dir='ltr'>ἑταίρων</span> <span class='ocrx_word' id='word_1_80' title='bbox 433 1496 523 1586; x_wconf 79' lang='grc' dir='ltr'>ἔτυχε</span> <span class='ocrx_word' id='word_1_81' title='bbox 540 1496 612 1587; x_wconf 81' lang='grc' dir='ltr'>μὲν,</span> <span class='ocrx_word' id='word_1_82' title='bbox 626 1500 666 1574; x_wconf 88' lang='grc' dir='ltr'>ὥς</span> <span class='ocrx_word' id='word_1_83' title='bbox 681 1520 773 1588; x_wconf 90' lang='grc' dir='ltr'>φασι,</span> <span class='ocrx_word' id='word_1_84' title='bbox 788 1506 845 1572; x_wconf 82' lang='grc' dir='ltr'>τῆς</span> <span class='ocrx_word' id='word_1_85' title='bbox 860 1497 1083 1587; x_wconf 80' lang='grc' dir='ltr'>παρῳχημένης</span> <span class='ocrx_word' id='word_1_86' title='bbox 1102 1494 1211 1570; x_wconf 85' lang='grc' dir='ltr'>νυκτὸς</span> <span class='ocrx_word' id='word_1_87' title='bbox 1236 1490 1307 1582; x_wconf 78' lang='grc' dir='ltr'>όψιν</span> <span class='ocrx_word' id='word_1_88' title='bbox 1324 1496 1375 1558; x_wconf 81' lang='grc' dir='ltr'>ἐω-</span> 
     </span>
     <span class='ocr_line' id='line_1_11' title="bbox 293 1587 1373 1698; baseline 0 -33"><span class='ocrx_word' id='word_1_89' title='bbox 293 1601 390 1692; x_wconf 86' lang='grc' dir='ltr'>ρακὼς</span> <span class='ocrx_word' id='word_1_90' title='bbox 406 1596 535 1669; x_wconf 87' lang='grc' dir='ltr'>άτοπον.</span> <span class='ocrx_word' id='word_1_91' title='bbox 550 1587 664 1669; x_wconf 73' lang='grc' dir='ltr'>Ἐδόκει</span> <span class='ocrx_word' id='word_1_92' title='bbox 677 1601 736 1698; x_wconf 80' lang='grc' dir='ltr'>γὰρ</span> <span class='ocrx_word' id='word_1_93' title='bbox 752 1602 811 1669; x_wconf 86' lang='grc' dir='ltr'>ὑπὸ</span> <span class='ocrx_word' id='word_1_94' title='bbox 831 1598 987 1694; x_wconf 84' lang='grc' dir='ltr'>Καίσαρος</span> <span class='ocrx_word' id='word_1_95' title='bbox 1006 1600 1055 1667; x_wconf 80' lang='grc' dir='ltr'>ἐπὶ</span> <span class='ocrx_word' id='word_1_96' title='bbox 1071 1591 1191 1667; x_wconf 82' lang='grc' dir='ltr'>δεῖπνον</span> <span class='ocrx_word' id='word_1_97' title='bbox 1206 1598 1373 1665; x_wconf 83' lang='grc' dir='ltr'>καλεῖσθαι·</span> 
     </span>
     <span class='ocr_line' id='line_1_12' title="bbox 291 1698 1375 1803; baseline 0 -30"><span class='ocrx_word' id='word_1_98' title='bbox 291 1709 534 1799; x_wconf 79' lang='grc' dir='ltr'>παραιτούμενος</span> <span class='ocrx_word' id='word_1_99' title='bbox 551 1698 597 1793; x_wconf 86' lang='grc' dir='ltr'>δ’,</span> <span class='ocrx_word' id='word_1_100' title='bbox 609 1705 734 1803; x_wconf 81' lang='grc' dir='ltr'>ἄγεσθαι</span> <span class='ocrx_word' id='word_1_101' title='bbox 745 1719 803 1787; x_wconf 79' lang='grc' dir='ltr'>τῆς</span> <span class='ocrx_word' id='word_1_102' title='bbox 814 1708 912 1801; x_wconf 85' lang='grc' dir='ltr'>χειρὸς</span> <span class='ocrx_word' id='word_1_103' title='bbox 924 1710 977 1775; x_wconf 82' lang='grc' dir='ltr'>ὑπ’</span> <span class='ocrx_word' id='word_1_104' title='bbox 992 1712 1103 1791; x_wconf 79' lang='grc' dir='ltr'>αὐτοῦ,</span> <span class='ocrx_word' id='word_1_105' title='bbox 1116 1709 1157 1797; x_wconf 80' lang='grc' dir='ltr'>μὴ</span> <span class='ocrx_word' id='word_1_106' title='bbox 1173 1706 1375 1797; x_wconf 89' lang='grc' dir='ltr'>βουλόμενος,</span> 
     </span>
     <span class='ocr_line' id='line_1_13' title="bbox 292 1800 1376 1910; baseline 0 -32"><span class='ocrx_word' id='word_1_107' title='bbox 292 1812 362 1879; x_wconf 84' lang='grc' dir='ltr'>ἀλλ’</span> <span class='ocrx_word' id='word_1_108' title='bbox 374 1811 561 1881; x_wconf 82' lang='grc' dir='ltr'>ἀντιτείνων.</span> <span class='ocrx_word' id='word_1_109' title='bbox 574 1800 618 1893; x_wconf 74' lang='grc' dir='ltr'>Ως</span> <span class='ocrx_word' id='word_1_110' title='bbox 636 1807 666 1881; x_wconf 81' lang='grc' dir='ltr'>δ’</span> <span class='ocrx_word' id='word_1_111' title='bbox 681 1816 824 1899; x_wconf 74' lang='grc' dir='ltr'>ἤκουσεν,</span> <span class='ocrx_word' id='word_1_112' title='bbox 837 1819 867 1882; x_wconf 78' lang='grc' dir='ltr'>ἐν</span> <span class='ocrx_word' id='word_1_113' title='bbox 886 1816 985 1910; x_wconf 77' lang='grc' dir='ltr'>ἀγορᾷ</span> <span class='ocrx_word' id='word_1_114' title='bbox 1002 1816 1040 1881; x_wconf 85' lang='grc' dir='ltr'>τὸ</span> <span class='ocrx_word' id='word_1_115' title='bbox 1060 1822 1150 1906; x_wconf 84' lang='grc' dir='ltr'>σῶμα</span> <span class='ocrx_word' id='word_1_116' title='bbox 1167 1811 1305 1878; x_wconf 80' lang='grc' dir='ltr'>καίεσθαι</span> <span class='ocrx_word' id='word_1_117' title='bbox 1321 1824 1376 1880; x_wconf 83' lang='grc' dir='ltr'>τού</span> 
     </span>
     <span class='ocr_line' id='line_1_14' title="bbox 291 1914 1375 2016; baseline -0.002 -31"><span class='ocrx_word' id='word_1_118' title='bbox 291 1916 464 2013; x_wconf 87' lang='grc' dir='ltr'>Καίσαρος,</span> <span class='ocrx_word' id='word_1_119' title='bbox 486 1919 603 1998; x_wconf 82' lang='grc' dir='ltr'>ἀναςὰς</span> <span class='ocrx_word' id='word_1_120' title='bbox 627 1914 765 1999; x_wconf 77' lang='grc' dir='ltr'>ε’ύάδιζεν</span> <span class='ocrx_word' id='word_1_121' title='bbox 785 1922 834 1989; x_wconf 74' lang='grc' dir='ltr'>ἐπὶ</span> <span class='ocrx_word' id='word_1_122' title='bbox 856 1932 933 2016; x_wconf 76' lang='grc' dir='ltr'>τιμῇ</span> <span class='ocrx_word' id='word_1_123' title='bbox 945 1974 955 2005; x_wconf 84' lang='grc'>,</span> <span class='ocrx_word' id='word_1_124' title='bbox 974 1920 1082 2013; x_wconf 88' lang='grc' dir='ltr'>καίπερ</span> <span class='ocrx_word' id='word_1_125' title='bbox 1103 1921 1295 2011; x_wconf 79' lang='grc' dir='ltr'>ὑφορώμενος</span> <span class='ocrx_word' id='word_1_126' title='bbox 1319 1916 1375 1993; x_wconf 70' lang='grc' dir='ltr'>τὴν</span> 
     </span>
     <span class='ocr_line' id='line_1_15' title="bbox 293 2020 1377 2121; baseline -0.003 -28"><span class='ocrx_word' id='word_1_127' title='bbox 293 2020 361 2115; x_wconf 74' lang='grc' dir='ltr'>ὄψιν</span> <span class='ocrx_word' id='word_1_128' title='bbox 382 2026 448 2117; x_wconf 87' lang='grc' dir='ltr'>άμα</span> <span class='ocrx_word' id='word_1_129' title='bbox 462 2026 513 2092; x_wconf 86' lang='grc' dir='ltr'>καὶ</span> <span class='ocrx_word' id='word_1_130' title='bbox 527 2030 698 2121; x_wconf 86' lang='grc' dir='ltr'>πυρέττων.</span> <span class='ocrx_word' id='word_1_131' title='bbox 718 2026 784 2094; x_wconf 87' lang='grc' dir='ltr'>Καί</span> <span class='ocrx_word' id='word_1_132' title='bbox 804 2054 867 2110; x_wconf 89' lang='grc' dir='ltr'>τις,</span> <span class='ocrx_word' id='word_1_133' title='bbox 887 2028 1032 2118; x_wconf 85' lang='grc' dir='ltr'>ὀφθέντος</span> <span class='ocrx_word' id='word_1_134' title='bbox 1048 2031 1163 2108; x_wconf 82' lang='grc' dir='ltr'>αὐτοῦ,</span> <span class='ocrx_word' id='word_1_135' title='bbox 1177 2034 1239 2092; x_wconf 85' lang='grc' dir='ltr'>τῶν</span> <span class='ocrx_word' id='word_1_136' title='bbox 1254 2031 1377 2092; x_wconf 84' lang='grc' dir='ltr'>πολλῶν</span> 
     </span>
     <span class='ocr_line' id='line_1_16' title="bbox 293 2121 1378 2226; baseline 0.002 -30"><span class='ocrx_word' id='word_1_137' title='bbox 293 2132 419 2221; x_wconf 79' lang='grc' dir='ltr'>ἔφρασεν</span> <span class='ocrx_word' id='word_1_138' title='bbox 445 2134 538 2225; x_wconf 83' lang='grc' dir='ltr'>ἑτέρῳ</span> <span class='ocrx_word' id='word_1_139' title='bbox 561 2136 705 2226; x_wconf 78' lang='grc' dir='ltr'>τούνομα</span> <span class='ocrx_word' id='word_1_140' title='bbox 720 2133 950 2226; x_wconf 83' lang='grc' dir='ltr'>πυνθανομένῳ,</span> <span class='ocrx_word' id='word_1_141' title='bbox 971 2135 1106 2211; x_wconf 85' lang='grc' dir='ltr'>κάκεῖνος</span> <span class='ocrx_word' id='word_1_142' title='bbox 1132 2130 1234 2217; x_wconf 89' lang='grc' dir='ltr'>άλλῳ,</span> <span class='ocrx_word' id='word_1_143' title='bbox 1251 2131 1304 2199; x_wconf 88' lang='grc' dir='ltr'>καὶ</span> <span class='ocrx_word' id='word_1_144' title='bbox 1324 2121 1378 2198; x_wconf 81' lang='grc' dir='ltr'>διὰ</span> 
     </span>
     <span class='ocr_line' id='line_1_17' title="bbox 293 2224 1377 2335; baseline -0.008 -32"><span class='ocrx_word' id='word_1_145' title='bbox 293 2235 418 2304; x_wconf 87' lang='grc' dir='ltr'>πάντων</span> <span class='ocrx_word' id='word_1_146' title='bbox 433 2238 517 2317; x_wconf 82' lang='grc' dir='ltr'>εὐθὺς</span> <span class='ocrx_word' id='word_1_147' title='bbox 536 2224 608 2324; x_wconf 68' lang='grc' dir='ltr'>ἧν3,</span> <span class='ocrx_word' id='word_1_148' title='bbox 625 2248 663 2319; x_wconf 89' lang='grc' dir='ltr'>ὡς</span> <span class='ocrx_word' id='word_1_149' title='bbox 680 2238 769 2319; x_wconf 78' lang='grc' dir='ltr'>οὗτός</span> <span class='ocrx_word' id='word_1_150' title='bbox 785 2244 849 2318; x_wconf 79' lang='grc' dir='ltr'>ἐςιν</span> <span class='ocrx_word' id='word_1_151' title='bbox 866 2246 883 2307; x_wconf 83' lang='grc' dir='ltr'>ό</span> <span class='ocrx_word' id='word_1_152' title='bbox 902 2242 976 2335; x_wconf 76' lang='grc' dir='ltr'>ἀνὴρ</span> <span class='ocrx_word' id='word_1_153' title='bbox 1000 2251 1062 2307; x_wconf 86' lang='grc' dir='ltr'>τῶν</span> <span class='ocrx_word' id='word_1_154' title='bbox 1084 2240 1281 2334; x_wconf 71' lang='grc' dir='ltr'>ἀνῃρηκότων</span> <span class='ocrx_word' id='word_1_155' title='bbox 1298 2237 1377 2305; x_wconf 86' lang='grc' dir='ltr'>Καί.</span> 
     </span>
     <span class='ocr_line' id='line_1_18' title="bbox 294 2341 1376 2439; baseline 0.004 -31"><span class='ocrx_word' id='word_1_156' title='bbox 294 2368 383 2435; x_wconf 87' lang='grc' dir='ltr'>οαρα·</span> <span class='ocrx_word' id='word_1_157' title='bbox 397 2345 519 2438; x_wconf 82' lang='grc' dir='ltr'>καὶγὰρ</span> <span class='ocrx_word' id='word_1_158' title='bbox 538 2341 573 2417; x_wconf 81' lang='grc' dir='ltr'>ἦν</span> <span class='ocrx_word' id='word_1_159' title='bbox 588 2374 636 2424; x_wconf 90' lang='grc' dir='ltr'>τις</span> <span class='ocrx_word' id='word_1_160' title='bbox 650 2350 810 2439; x_wconf 83' lang='grc' dir='ltr'>ὁμώνυμος</span> <span class='ocrx_word' id='word_1_161' title='bbox 825 2346 927 2434; x_wconf 82' lang='grc' dir='ltr'>ἐκείνῳ</span> <span class='ocrx_word' id='word_1_162' title='bbox 942 2347 1054 2425; x_wconf 90' lang='grc' dir='ltr'>Κίννας</span> <span class='ocrx_word' id='word_1_163' title='bbox 1071 2350 1101 2413; x_wconf 82' lang='grc' dir='ltr'>ἐν</span> <span class='ocrx_word' id='word_1_164' title='bbox 1117 2352 1182 2423; x_wconf 87' lang='grc' dir='ltr'>τοῖς</span> <span class='ocrx_word' id='word_1_165' title='bbox 1197 2370 1376 2437; x_wconf 88' lang='grc' dir='ltr'>συνωμοσα-</span> 
     </span>
     <span class='ocr_line' id='line_1_19' title="bbox 295 2442 1377 2549; baseline 0.003 -34"><span class='ocrx_word' id='word_1_166' title='bbox 295 2449 417 2541; x_wconf 89' lang='grc' dir='ltr'>μένοις,</span> <span class='ocrx_word' id='word_1_167' title='bbox 434 2448 466 2517; x_wconf 80' lang='grc' dir='ltr'>ὃν</span> <span class='ocrx_word' id='word_1_168' title='bbox 483 2461 594 2520; x_wconf 84' lang='grc' dir='ltr'>τοῦτον</span> <span class='ocrx_word' id='word_1_169' title='bbox 614 2449 688 2521; x_wconf 81' lang='grc' dir='ltr'>εἶναι</span> <span class='ocrx_word' id='word_1_170' title='bbox 709 2448 936 2548; x_wconf 81' lang='grc' dir='ltr'>προλαύόντες,</span> <span class='ocrx_word' id='word_1_171' title='bbox 953 2459 1096 2549; x_wconf 87' lang='grc' dir='ltr'>ὥρμησαν</span> <span class='ocrx_word' id='word_1_172' title='bbox 1114 2451 1198 2530; x_wconf 72' lang='grc' dir='ltr'>εὐθὺς</span> <span class='ocrx_word' id='word_1_173' title='bbox 1220 2451 1273 2519; x_wconf 87' lang='grc' dir='ltr'>καὶ</span> <span class='ocrx_word' id='word_1_174' title='bbox 1293 2442 1377 2518; x_wconf 87' lang='grc' dir='ltr'>διέσ-</span> 
     </span>
     <span class='ocr_line' id='line_1_20' title="bbox 294 2546 1377 2654; baseline 0.004 -32"><span class='ocrx_word' id='word_1_175' title='bbox 294 2581 397 2622; x_wconf 89' lang='grc' dir='ltr'>πασαν</span> <span class='ocrx_word' id='word_1_176' title='bbox 413 2559 442 2623; x_wconf 92' lang='grc' dir='ltr'>ε’ν</span> <span class='ocrx_word' id='word_1_177' title='bbox 459 2546 561 2651; x_wconf 65' lang='grc' dir='ltr'>μέσῳιὶ</span> <span class='ocrx_word' id='word_1_178' title='bbox 573 2561 627 2628; x_wconf 82' lang='grc' dir='ltr'>τὸν</span> <span class='ocrx_word' id='word_1_179' title='bbox 643 2559 812 2654; x_wconf 89' lang='grc' dir='ltr'>ἀνθρωπον.</span> <span class='ocrx_word' id='word_1_180' title='bbox 825 2565 928 2630; x_wconf 79' lang='grc' dir='ltr'>Τοῦτο</span> <span class='ocrx_word' id='word_1_181' title='bbox 951 2562 1070 2654; x_wconf 83' lang='grc' dir='ltr'>μάλιςα</span> <span class='ocrx_word' id='word_1_182' title='bbox 1095 2551 1251 2638; x_wconf 89' lang='grc' dir='ltr'>δείσαντες</span> <span class='ocrx_word' id='word_1_183' title='bbox 1267 2560 1296 2626; x_wconf 86' lang='grc' dir='ltr'>οἱ</span> <span class='ocrx_word' id='word_1_184' title='bbox 1311 2559 1377 2652; x_wconf 87' lang='grc' dir='ltr'>περὶ</span> 
     </span>
     <span class='ocr_line' id='line_1_21' title="bbox 294 2660 1376 2764; baseline 0.005 -37"><span class='ocrx_word' id='word_1_185' title='bbox 294 2665 428 2754; x_wconf 83' lang='grc' dir='ltr'>Βροῦτον</span> <span class='ocrx_word' id='word_1_186' title='bbox 441 2665 492 2731; x_wconf 87' lang='grc' dir='ltr'>καὶ</span> <span class='ocrx_word' id='word_1_187' title='bbox 507 2665 644 2734; x_wconf 86' lang='grc' dir='ltr'>Κάσσιον</span> <span class='ocrx_word' id='word_1_188' title='bbox 655 2721 665 2752; x_wconf 84' lang='grc'>,</span> <span class='ocrx_word' id='word_1_189' title='bbox 677 2672 711 2736; x_wconf 85' lang='grc' dir='ltr'>ού</span> <span class='ocrx_word' id='word_1_190' title='bbox 725 2674 847 2736; x_wconf 85' lang='grc' dir='ltr'>πολλῶν</span> <span class='ocrx_word' id='word_1_191' title='bbox 865 2677 985 2764; x_wconf 72' lang='grc' dir='ltr'>ἡμερῶν</span> <span class='ocrx_word' id='word_1_192' title='bbox 1001 2660 1237 2762; x_wconf 84' lang='grc' dir='ltr'>διαγενομένων,</span> <span class='ocrx_word' id='word_1_193' title='bbox 1253 2666 1376 2757; x_wconf 84' lang='grc' dir='ltr'>ἀπεχώ-</span> 
     </span>
     <span class='ocr_line' id='line_1_22' title="bbox 297 2757 1377 2870; baseline -0.004 -28"><span class='ocrx_word' id='word_1_194' title='bbox 297 2771 390 2862; x_wconf 80' lang='grc' dir='ltr'>ρησαν</span> <span class='ocrx_word' id='word_1_195' title='bbox 403 2773 437 2837; x_wconf 83' lang='grc' dir='ltr'>ἐκ</span> <span class='ocrx_word' id='word_1_196' title='bbox 454 2782 510 2850; x_wconf 82' lang='grc' dir='ltr'>τῆς</span> <span class='ocrx_word' id='word_1_197' title='bbox 529 2757 701 2852; x_wconf 65' lang='grc' dir='ltr'>πόλεωςδ</span> <span class='ocrx_word' id='word_1_198' title='bbox 721 2767 819 2842; x_wconf 86' lang='grc' dir='ltr'>δὲκαὶ</span> <span class='ocrx_word' id='word_1_199' title='bbox 838 2769 1006 2870; x_wconf 75' lang='grc' dir='ltr'>πράξαντες</span> <span class='ocrx_word' id='word_1_200' title='bbox 1020 2773 1072 2840; x_wconf 83' lang='grc' dir='ltr'>καὶ</span> <span class='ocrx_word' id='word_1_201' title='bbox 1085 2773 1235 2851; x_wconf 90' lang='grc' dir='ltr'>παθόντες</span> <span class='ocrx_word' id='word_1_202' title='bbox 1258 2775 1377 2840; x_wconf 83' lang='grc' dir='ltr'>ἐτελεύ-</span> 
     </span>
     <span class='ocr_line' id='line_1_23' title="bbox 296 2880 970 2977; baseline 0.007 -35"><span class='ocrx_word' id='word_1_203' title='bbox 296 2901 395 2949; x_wconf 89' lang='grc' dir='ltr'>τησαν</span> <span class='ocrx_word' id='word_1_204' title='bbox 405 2929 415 2960; x_wconf 86' lang='grc'>,</span> <span class='ocrx_word' id='word_1_205' title='bbox 427 2880 457 2944; x_wconf 83' lang='grc' dir='ltr'>έν</span> <span class='ocrx_word' id='word_1_206' title='bbox 476 2887 540 2958; x_wconf 85' lang='grc' dir='ltr'>τοῖς</span> <span class='ocrx_word' id='word_1_207' title='bbox 552 2882 620 2974; x_wconf 89' lang='grc' dir='ltr'>περὶ</span> <span class='ocrx_word' id='word_1_208' title='bbox 634 2885 771 2975; x_wconf 78' lang='grc' dir='ltr'>Βρούτου</span> <span class='ocrx_word' id='word_1_209' title='bbox 785 2884 970 2977; x_wconf 86' lang='grc' dir='ltr'>γέγραπται.</span> 
     </span>
    </p>

    <p class='ocr_par' dir='ltr' id='par_1_3' title="bbox 202 2978 1380 3617">
     <span class='ocr_line' id='line_1_24' title="bbox 341 2978 1379 3082; baseline 0.002 -32"><span class='ocrx_word' id='word_1_210' title='bbox 341 2984 467 3050; x_wconf 85' lang='lat' dir='ltr'><strong>LXIX.</strong></span> <span class='ocrx_word' id='word_1_211' title='bbox 478 2987 611 3061; x_wconf 78' lang='grc' dir='ltr'>Θνύσκει</span> <span class='ocrx_word' id='word_1_212' title='bbox 623 2978 658 3053; x_wconf 88' lang='grc' dir='ltr'>δὲ</span> <span class='ocrx_word' id='word_1_213' title='bbox 670 2992 804 3081; x_wconf 85' lang='grc' dir='ltr'>Καῖσαρ,</span> <span class='ocrx_word' id='word_1_214' title='bbox 814 2988 856 3055; x_wconf 81' lang='grc' dir='ltr'>τὰ</span> <span class='ocrx_word' id='word_1_215' title='bbox 872 2991 925 3082; x_wconf 86' lang='grc' dir='ltr'>μὲν</span> <span class='ocrx_word' id='word_1_216' title='bbox 940 2988 1046 3056; x_wconf 88' lang='grc' dir='ltr'>πάντα</span> <span class='ocrx_word' id='word_1_217' title='bbox 1058 2989 1189 3082; x_wconf 86' lang='grc' dir='ltr'>γεγονὼς</span> <span class='ocrx_word' id='word_1_218' title='bbox 1199 2988 1254 3061; x_wconf 76' lang='grc' dir='ltr'>ἔτη</span> <span class='ocrx_word' id='word_1_219' title='bbox 1272 2988 1379 3059; x_wconf 80' lang='grc' dir='ltr'>πεντό·</span> 
     </span>
     <span class='ocr_line' id='line_1_25' title="bbox 297 3076 1380 3186; baseline 0.004 -32"><span class='ocrx_word' id='word_1_220' title='bbox 297 3114 394 3156; x_wconf 90' lang='grc' dir='ltr'>κοντα</span> <span class='ocrx_word' id='word_1_221' title='bbox 407 3089 459 3156; x_wconf 90' lang='grc' dir='ltr'>καὶ</span> <span class='ocrx_word' id='word_1_222' title='bbox 475 3076 546 3175; x_wconf 52' lang='grc' dir='ltr'>ἓξΞ,</span> <span class='ocrx_word' id='word_1_223' title='bbox 562 3092 719 3186; x_wconf 81' lang='grc' dir='ltr'>Πομπηίῳ</span> <span class='ocrx_word' id='word_1_224' title='bbox 739 3087 769 3161; x_wconf 83' lang='grc' dir='ltr'>δ’</span> <span class='ocrx_word' id='word_1_225' title='bbox 786 3089 950 3172; x_wconf 77' lang='grc' dir='ltr'>ἐπιύιώσας</span> <span class='ocrx_word' id='word_1_226' title='bbox 967 3099 1001 3162; x_wconf 81' lang='grc' dir='ltr'>οὐ</span> <span class='ocrx_word' id='word_1_227' title='bbox 1017 3096 1096 3161; x_wconf 76' lang='grc' dir='ltr'>πολὺ</span> <span class='ocrx_word' id='word_1_228' title='bbox 1111 3095 1202 3160; x_wconf 81' lang='grc' dir='ltr'>πλέον</span> <span class='ocrx_word' id='word_1_229' title='bbox 1219 3096 1298 3161; x_wconf 79' lang='grc' dir='ltr'>ἐτῶν</span> <span class='ocrx_word' id='word_1_230' title='bbox 1316 3118 1380 3160; x_wconf 70' lang='grc' dir='ltr'>τεσι</span> 
     </span>
     <span class='ocr_line' id='line_1_26' title="bbox 299 3189 1377 3294; baseline 0.005 -34"><span class='ocrx_word' id='word_1_231' title='bbox 299 3195 409 3289; x_wconf 87' lang='grc' dir='ltr'>σάρων·</span> <span class='ocrx_word' id='word_1_232' title='bbox 425 3196 461 3269; x_wconf 74' lang='grc' dir='ltr'>ἢν</span> <span class='ocrx_word' id='word_1_233' title='bbox 482 3189 518 3264; x_wconf 78' lang='grc' dir='ltr'>δὲ</span> <span class='ocrx_word' id='word_1_234' title='bbox 541 3207 586 3285; x_wconf 82' lang='grc' dir='ltr'>τῷ</span> <span class='ocrx_word' id='word_1_235' title='bbox 603 3199 662 3288; x_wconf 89' lang='grc' dir='ltr'>βίῳ</span> <span class='ocrx_word' id='word_1_236' title='bbox 677 3200 773 3268; x_wconf 85' lang='grc' dir='ltr'>παντὶ</span> <span class='ocrx_word' id='word_1_237' title='bbox 793 3201 889 3294; x_wconf 75' lang='grc' dir='ltr'>ἀρχὴν</span> <span class='ocrx_word' id='word_1_238' title='bbox 907 3201 958 3274; x_wconf 83' lang='grc' dir='ltr'>καὶ</span> <span class='ocrx_word' id='word_1_239' title='bbox 979 3192 1142 3278; x_wconf 77' lang='grc' dir='ltr'>δυναςείαν</span> <span class='ocrx_word' id='word_1_240' title='bbox 1162 3191 1215 3266; x_wconf 76' lang='grc' dir='ltr'>διὰ</span> <span class='ocrx_word' id='word_1_241' title='bbox 1232 3191 1377 3266; x_wconf 86' lang='grc' dir='ltr'>κινδύνων</span> 
     </span>
     <span class='ocr_line' id='line_1_27' title="bbox 202 3295 1377 3404; baseline 0.01 -38"><span class='ocrx_word' id='word_1_242' title='bbox 202 3311 204 3320; x_wconf 63' lang='lat'>‘</span> <span class='ocrx_word' id='word_1_243' title='bbox 297 3304 453 3368; x_wconf 86' lang='grc' dir='ltr'>τοσούτων</span> <span class='ocrx_word' id='word_1_244' title='bbox 481 3295 598 3372; x_wconf 84' lang='grc' dir='ltr'>διώκων</span> <span class='ocrx_word' id='word_1_245' title='bbox 625 3307 712 3399; x_wconf 84' lang='grc' dir='ltr'>μόλις</span> <span class='ocrx_word' id='word_1_246' title='bbox 739 3307 987 3404; x_wconf 87' lang='grc' dir='ltr'>κατειργάσατο,</span> <span class='ocrx_word' id='word_1_247' title='bbox 1008 3309 1125 3384; x_wconf 86' lang='grc' dir='ltr'>ταύτης</span> <span class='ocrx_word' id='word_1_248' title='bbox 1150 3297 1237 3373; x_wconf 83' lang='grc' dir='ltr'>οὐδὲν</span> <span class='ocrx_word' id='word_1_249' title='bbox 1266 3311 1318 3374; x_wconf 85' lang='grc' dir='ltr'>ὅτι</span> <span class='ocrx_word' id='word_1_250' title='bbox 1339 3307 1377 3398; x_wconf 78' lang='grc' dir='ltr'>μθ</span> 
     </span>
     <span class='ocr_line' id='line_1_28' title="bbox 298 3404 1378 3508; baseline 0.004 -36"><span class='ocrx_word' id='word_1_251' title='bbox 298 3409 437 3500; x_wconf 89' lang='grc' dir='ltr'>τούνομα</span> <span class='ocrx_word' id='word_1_252' title='bbox 459 3411 549 3501; x_wconf 92' lang='grc' dir='ltr'>μόνον</span> <span class='ocrx_word' id='word_1_253' title='bbox 574 3413 626 3478; x_wconf 91' lang='grc' dir='ltr'>καὶ</span> <span class='ocrx_word' id='word_1_254' title='bbox 650 3416 707 3488; x_wconf 80' lang='grc' dir='ltr'>τὴν</span> <span class='ocrx_word' id='word_1_255' title='bbox 733 3413 892 3503; x_wconf 84' lang='grc' dir='ltr'>ἐπίφθονον</span> <span class='ocrx_word' id='word_1_256' title='bbox 915 3414 1152 3508; x_wconf 88' lang='grc' dir='ltr'>καρπωσάμενος</span> <span class='ocrx_word' id='word_1_257' title='bbox 1180 3404 1275 3490; x_wconf 76' lang='grc' dir='ltr'>δόξαν</span> <span class='ocrx_word' id='word_1_258' title='bbox 1297 3407 1378 3505; x_wconf 85' lang='grc' dir='ltr'>παρά</span> 
     </span>
     <span class='ocr_line' id='line_1_29' title="bbox 297 3501 1377 3617; baseline 0.003 -37"><span class='ocrx_word' id='word_1_259' title='bbox 297 3524 359 3582; x_wconf 83' lang='grc' dir='ltr'>τῶν</span> <span class='ocrx_word' id='word_1_260' title='bbox 378 3522 514 3584; x_wconf 86' lang='grc' dir='ltr'>πολιτῶν</span> <span class='ocrx_word' id='word_1_261' title='bbox 524 3501 548 3585; x_wconf 83' lang='lat'>⁶.</span> <span class='ocrx_word' id='word_1_262' title='bbox 561 3503 591 3584; x_wconf 80' lang='grc' dir='ltr'>ί)</span> <span class='ocrx_word' id='word_1_263' title='bbox 605 3522 710 3611; x_wconf 90' lang='grc' dir='ltr'>μέντοι</span> <span class='ocrx_word' id='word_1_264' title='bbox 724 3523 820 3617; x_wconf 86' lang='grc' dir='ltr'>μέγας</span> <span class='ocrx_word' id='word_1_265' title='bbox 835 3526 932 3588; x_wconf 80' lang='grc' dir='ltr'>αὐτοῦ</span> <span class='ocrx_word' id='word_1_266' title='bbox 947 3513 1083 3614; x_wconf 86' lang='grc' dir='ltr'>δαίμων,</span> <span class='ocrx_word' id='word_1_267' title='bbox 1098 3517 1123 3607; x_wconf 85' lang='grc' dir='ltr'>ᾧ</span> <span class='ocrx_word' id='word_1_268' title='bbox 1141 3517 1226 3612; x_wconf 79' lang='grc' dir='ltr'>παρὰ</span> <span class='ocrx_word' id='word_1_269' title='bbox 1243 3521 1300 3587; x_wconf 86' lang='grc' dir='ltr'>τὸν</span> <span class='ocrx_word' id='word_1_270' title='bbox 1316 3520 1377 3605; x_wconf 88' lang='grc' dir='ltr'>βίον</span> 
     </span>
    </p>
   </div>
   <div class='ocr_carea' id='block_1_3' title="bbox 235 3707 1377 4267">
    <p class='ocr_par' dir='ltr' id='par_1_4' title="bbox 299 3707 1377 3946">
     <span class='ocr_line' id='line_1_30' title="bbox 343 3707 1377 3782; baseline 0.003 -23"><span class='ocrx_word' id='word_1_271' title='bbox 343 3727 368 3760; x_wconf 92' lang='lat'>1.</span> <span class='ocrx_word' id='word_1_272' title='bbox 385 3708 427 3760; x_wconf 89' lang='lat' dir='ltr'>Ibi</span> <span class='ocrx_word' id='word_1_273' title='bbox 443 3707 553 3772; x_wconf 88' lang='lat' dir='ltr'><strong>scilicet,</strong></span> <span class='ocrx_word' id='word_1_274' title='bbox 570 3710 599 3762; x_wconf 87' lang='lat' dir='ltr'>in</span> <span class='ocrx_word' id='word_1_275' title='bbox 606 3710 665 3782; x_wconf 87' lang='lat' dir='ltr'>ipso</span> <span class='ocrx_word' id='word_1_276' title='bbox 674 3711 748 3778; x_wconf 86' lang='lat' dir='ltr'>foro,</span> <span class='ocrx_word' id='word_1_277' title='bbox 759 3731 816 3766; x_wconf 91' lang='lat' dir='ltr'>non</span> <span class='ocrx_word' id='word_1_278' title='bbox 905 3719 944 3777; x_wconf 76' lang='grc'>4..</span> <span class='ocrx_word' id='word_1_279' title='bbox 955 3710 1091 3778; x_wconf 75' lang='lat' dir='ltr'><strong>subaudi,</strong></span> <span class='ocrx_word' id='word_1_280' title='bbox 1118 3709 1245 3764; x_wconf 81' lang='lat' dir='ltr'><strong>suadente</strong></span> <span class='ocrx_word' id='word_1_281' title='bbox 1271 3710 1377 3776; x_wconf 80' lang='lat' dir='ltr'>eodem,</span> 
     </span>
     <span class='ocr_line' id='line_1_31' title="bbox 300 3788 1377 3869; baseline 0.004 -29"><span class='ocrx_word' id='word_1_282' title='bbox 300 3789 329 3840; x_wconf 89' lang='lat' dir='ltr'>in</span> <span class='ocrx_word' id='word_1_283' title='bbox 343 3807 436 3859; x_wconf 87' lang='lat' dir='ltr'>campo</span> <span class='ocrx_word' id='word_1_284' title='bbox 452 3789 559 3856; x_wconf 85' lang='lat' dir='ltr'>Martis,</span> <span class='ocrx_word' id='word_1_285' title='bbox 581 3790 629 3842; x_wconf 84' lang='lat' dir='ltr'>ubi</span> <span class='ocrx_word' id='word_1_286' title='bbox 646 3810 743 3863; x_wconf 83' lang='lat' dir='ltr'><strong>corpus</strong></span> <span class='ocrx_word' id='word_1_287' title='bbox 758 3811 815 3846; x_wconf 86' lang='lat' dir='ltr'><strong>cre·</strong></span> <span class='ocrx_word' id='word_1_288' title='bbox 864 3799 913 3846; x_wconf 80' lang='grc' dir='ltr'>τῶν</span> <span class='ocrx_word' id='word_1_289' title='bbox 944 3788 1210 3869; x_wconf 66' lang='grc' dir='ltr'>διασπαρῳττέντωνς</span> <span class='ocrx_word' id='word_1_290' title='bbox 1232 3791 1304 3844; x_wconf 80' lang='lat' dir='ltr'><strong>inter</strong></span> <span class='ocrx_word' id='word_1_291' title='bbox 1326 3789 1377 3844; x_wconf 72' lang='lat' dir='ltr'><strong>dis·</strong></span> 
     </span>
     <span class='ocr_line' id='line_1_32' title="bbox 299 3867 1145 3946; baseline 0.005 -26"><span class='ocrx_word' id='word_1_292' title='bbox 299 3869 368 3920; x_wconf 81' lang='lat' dir='ltr'>mari</span> <span class='ocrx_word' id='word_1_293' title='bbox 382 3867 500 3922; x_wconf 80' lang='lat' dir='ltr'><strong>decebat.</strong></span> <span class='ocrx_word' id='word_1_294' title='bbox 864 3870 1029 3946; x_wconf 79' lang='lat' dir='ltr'><strong>ceptantium</strong></span> <span class='ocrx_word' id='word_1_295' title='bbox 1042 3888 1145 3924; x_wconf 84' lang='lat' dir='ltr'>manus.</span> 
     </span>
    </p>

    <p class='ocr_par' dir='ltr' id='par_1_5' title="bbox 235 3949 1377 4184">
     <span class='ocr_line' id='line_1_33' title="bbox 344 3949 1119 4024; baseline 0.005 -24"><span class='ocrx_word' id='word_1_296' title='bbox 344 3969 369 4000; x_wconf 77' lang='grc' dir='ltr'>α.</span> <span class='ocrx_word' id='word_1_297' title='bbox 387 3949 418 4000; x_wconf 87' lang='lat' dir='ltr'>C.</span> <span class='ocrx_word' id='word_1_298' title='bbox 432 3949 543 4002; x_wconf 74' lang='lat' dir='ltr'><strong>Helvius</strong></span> <span class='ocrx_word' id='word_1_299' title='bbox 551 3951 743 4024; x_wconf 79' lang='lat' dir='ltr'><strong>Cinna‚p0eta</strong></span> <span class='ocrx_word' id='word_1_300' title='bbox 758 3973 815 4008; x_wconf 84' lang='lat' dir='ltr'>me·</span> <span class='ocrx_word' id='word_1_301' title='bbox 906 3954 933 4007; x_wconf 82' lang='lat'>5.</span> <span class='ocrx_word' id='word_1_302' title='bbox 950 3953 985 4006; x_wconf 89' lang='lat' dir='ltr'>U.</span> <span class='ocrx_word' id='word_1_303' title='bbox 1003 3953 1033 4006; x_wconf 88' lang='lat' dir='ltr'>C.</span> <span class='ocrx_word' id='word_1_304' title='bbox 1053 3971 1119 4022; x_wconf 83' lang='lat'>71⁰·</span> 
     </span>
     <span class='ocr_line' id='line_1_34' title="bbox 301 4026 1377 4105; baseline 0.005 -27"><span class='ocrx_word' id='word_1_305' title='bbox 301 4026 399 4080; x_wconf 83' lang='lat' dir='ltr'><strong>diocris</strong></span> <span class='ocrx_word' id='word_1_306' title='bbox 421 4047 428 4081; x_wconf 76' lang='grc' dir='ltr'>τ</span> <span class='ocrx_word' id='word_1_307' title='bbox 457 4030 505 4101; x_wconf 88' lang='lat' dir='ltr'>qui</span> <span class='ocrx_word' id='word_1_308' title='bbox 525 4049 590 4084; x_wconf 84' lang='lat' dir='ltr'>vero</span> <span class='ocrx_word' id='word_1_309' title='bbox 615 4035 816 4105; x_wconf 76' lang='lat' dir='ltr'><strong>conjuraverat,</strong></span> <span class='ocrx_word' id='word_1_310' title='bbox 907 4036 934 4087; x_wconf 82' lang='lat'>6.</span> <span class='ocrx_word' id='word_1_311' title='bbox 947 4033 1102 4086; x_wconf 76' lang='lat' dir='ltr'><strong>Nemuum</strong></span> <span class='ocrx_word' id='word_1_312' title='bbox 1111 4029 1222 4102; x_wconf 85' lang='lat' dir='ltr'>quidem</span> <span class='ocrx_word' id='word_1_313' title='bbox 1232 4031 1377 4102; x_wconf 76' lang='lat' dir='ltr'><strong>integrum,</strong></span> 
     </span>
     <span class='ocr_line' id='line_1_35' title="bbox 235 4108 1377 4184; baseline 0.004 -25"><span class='ocrx_word' id='word_1_314' title='bbox 235 4115 237 4120; x_wconf 83' lang='grc'>’</span> <span class='ocrx_word' id='word_1_315' title='bbox 302 4108 385 4160; x_wconf 87' lang='lat' dir='ltr'>Corn.</span> <span class='ocrx_word' id='word_1_316' title='bbox 400 4109 502 4176; x_wconf 81' lang='lat' dir='ltr'>Cinna,</span> <span class='ocrx_word' id='word_1_317' title='bbox 518 4125 626 4184; x_wconf 63' lang='lat' dir='ltr'><strong>prator.</strong></span> <span class='ocrx_word' id='word_1_318' title='bbox 865 4112 977 4167; x_wconf 75' lang='lat' dir='ltr'><strong>devictis</strong></span> <span class='ocrx_word' id='word_1_319' title='bbox 995 4115 1024 4166; x_wconf 90' lang='lat' dir='ltr'>in</span> <span class='ocrx_word' id='word_1_320' title='bbox 1037 4113 1171 4184; x_wconf 63' lang='lat' dir='ltr'>Hispania</span> <span class='ocrx_word' id='word_1_321' title='bbox 1194 4110 1377 4184; x_wconf 67' lang='lat' dir='ltr'><strong>Pompeianis,</strong></span> 
     </span>
    </p>

    <p class='ocr_par' dir='ltr' id='par_1_6' title="bbox 277 4188 1104 4267">
     <span class='ocr_line' id='line_1_36' title="bbox 277 4188 1104 4267; baseline 0.008 -28"><span class='ocrx_word' id='word_1_322' title='bbox 277 4191 279 4196; x_wconf 78' lang='grc'><strong>“</strong></span> <span class='ocrx_word' id='word_1_323' title='bbox 344 4189 370 4242; x_wconf 85' lang='grc'>3.</span> <span class='ocrx_word' id='word_1_324' title='bbox 387 4188 465 4242; x_wconf 78' lang='lat' dir='ltr'><strong>Malit</strong></span> <span class='ocrx_word' id='word_1_325' title='bbox 478 4191 575 4245; x_wconf 76' lang='lat' dir='ltr'>Reisk..</span> <span class='ocrx_word' id='word_1_326' title='bbox 583 4194 639 4262; x_wconf 81' lang='grc' dir='ltr'>ᾔει,</span> <span class='ocrx_word' id='word_1_327' title='bbox 652 4194 711 4248; x_wconf 77' lang='lat' dir='ltr'><em>ibat.</em></span> <span class='ocrx_word' id='word_1_328' title='bbox 866 4194 981 4267; x_wconf 82' lang='lat' dir='ltr'>imperio</span> <span class='ocrx_word' id='word_1_329' title='bbox 993 4193 1104 4266; x_wconf 67' lang='lat' dir='ltr'>potitus.</span> 
     </span>
    </p>
   </div>
   <div class='ocr_carea' id='block_1_4' title="bbox 0 0 1519 5025">
    <p class='ocr_par' dir='ltr' id='par_1_7' title="bbox 0 0 1519 5025">
     <span class='ocr_line' id='line_1_37' title="bbox 0 0 1519 5025; baseline 0 0"><span class='ocrx_word' id='word_1_330' title='bbox 0 0 1519 5025; x_wconf 95' lang='lat' dir='ltr'> </span> 
     </span>
    </p>
   </div>
  </div>
 </body>
</html>
