3000 5025
339 446 406 513 ue
435 443 563 514 vrrs
590 444 740 513 sumt
770 445 1019 517 crassius
1167 447 1216 521 33
1321 401 1330 410 ’

132 578 214 647 uiros
230 602 391 672 serpens,
404 579 640 648 centurionum
659 602 794 672 quoque
807 592 842 647 et
858 579 1001 651 militum
1020 580 1218 657 fortissunos

132 687 254 755 animos
280 688 462 780 attigerat,
477 699 512 753 et
536 674 620 779 riuos
648 684 745 753 fateri
772 699 899 755 metum
921 689 1124 759 verecundia
1148 718 1218 764 uon

131 792 269 877 sinebat,
279 818 353 861 non
364 816 398 861 se
416 792 549 861 hostem
561 791 741 861 formidare
748 791 1008 887 sedangustras
1016 796 1218 872 silvestrium

109 895 298 987 ·iocorum,
312 896 577 995 perplexumque
593 898 735 967 durius
726 913 854 987 tter,et
874 899 1106 973 difficultatem
1124 930 1217 976 com·

130 1021 299 1075 meatuum
312 1006 480 1109 dicebaut.
495 1008 576 1075 Haec
591 1005 634 1075 ad
652 1008 821 1077 Caesarem
837 1031 944 1101 quum
962 1007 1067 1079 relata
1088 1030 1218 1102 essent,

130 1138 193 1181 uon
208 1115 350 1209 ignarus
363 1128 527 1209 quantum
544 1112 711 1182 inanimis
727 1114 904 1182 hominum
916 1112 1103 1185 falsaetiam
1112 1125 1218 1215 possit

130 1222 257 1315 opinio,
273 1220 745 1316 quamprimumhosterrores
756 1235 913 1290 excutere
931 1222 1091 1311 instituit,
1112 1229 1217 1320 prius

129 1352 226 1422 quam
235 1332 271 1398 in
280 1330 585 1398 consternationem
605 1326 799 1423 pestiferam
814 1326 1021 1415 coalescant3
1038 1333 1217 1427 praecipue·

129 1435 285 1529 queillud
306 1438 396 1505 inter
414 1451 535 1506 caetera
554 1433 740 1524 ferebatur,
758 1434 971 1530 obtorpuisse
991 1435 1076 1505 adeo
1098 1463 1216 1511 omnes
1307 1471 1312 1484 ¹

129 1558 282 1632 metu,ut
290 1546 316 1612 si
323 1543 410 1612 forte
420 1544 454 1611 in
461 1541 936 1637 aciemveliteducere,neque
946 1542 1215 1642 signifer,neque

128 1649 220 1720 miles
243 1652 386 1747 imperia
404 1664 605 1745 excepturus
625 1652 675 1719 sit.
696 1650 901 1719 Convocatis
919 1674 1001 1745 ergo
1023 1650 1066 1718 ad
1085 1658 1215 1725 concio

128 1782 202 1827 nem
226 1760 366 1847 castris,
384 1758 571 1827 orationem
592 1756 711 1825 habuit
732 1755 867 1853 plenam
884 1758 1042 1827 animosis
1063 1761 1215 1831 exhorta·

128 1866 295 1954 tionibus,
313 1866 550 1960 acerrimisque
570 1864 902 1959 reprehensionibus;
914 1864 1021 1956 Quod
1035 1876 1216 1939 temerarie

16 2042 17 2047 ,
128 1996 170 2041 ac
183 1972 331 2070 superbe
346 1974 499 2043 consiliis
512 1997 551 2042 se
564 1976 635 2041 suis
650 1977 844 2067 ingererent
850 1997 864 2059 ,·
878 1995 950 2039 non
967 1977 1056 2041 enim
1071 1976 1214 2047 rnilitum

16 2066 17 2111 ³
128 2104 199 2149 esse
218 2081 288 2150 sed
307 2081 406 2151 duas
428 2080 591 2151 meditari
609 2095 646 2148 et
655 2078 840 2175 providere
857 2077 981 2173 quihus
999 2084 1067 2149 vus
1088 2084 1214 2153 exerei-

16 2260 17 2275 ,
129 2203 196 2256 tran
212 2188 324 2257 ditent
331 2243 343 2276 ,
361 2187 484 2283 quibus
497 2186 630 2257 artibus
642 2202 766 2282 regat,
783 2208 865 2281 quae
881 2187 1046 2280 quoniam
1060 2188 1214 2284 sibipro·

128 2300 204 2365 uisa
216 2302 289 2365 siut
300 2295 584 2386 omnta,fi·rutra
602 2319 663 2365 eos
676 2299 781 2364 uanis
799 2317 844 2363 ac
858 2293 1011 2363 rr'tit'culrs
1027 2296 1213 2367 terroribus

16 2420 17 2445 ¹
129 2408 232 2495 quati.
263 2406 349 2473 Non
374 2404 498 2473 milites
524 2402 645 2471 ducem
671 2400 817 2486 ducere,
842 2398 908 2468 sed
932 2405 1033 2494 sequi
1053 2420 1214 2497 oportere

17 2541 18 2580 3
128 2535 195 2604 qua
200 2511 300 2605 Jitssi
310 2508 517 2600 stnt5fidere
530 2508 666 2605 quidem
678 2533 731 2596 se,
747 2532 820 2578 non
836 2513 1091 2578 commissurum
1105 2513 1211 2581 Ario·

129 2622 255 2707 n'stum,
268 2635 307 2688 ut
317 2622 481 2689 examito
496 2615 965 2711 hosnsfiatpopuliromani.
977 2618 1067 2684 Esto
1080 2633 1208 2705 autem,
1231 2700 1234 2709 γ

17 2719 18 2750 ³
130 2728 309 2795 uaesana
328 2749 424 2794 mens
443 2728 662 2820 precipitem
680 2721 890 2813 oblitumque
907 2724 965 2787 sui
981 2737 1121 2813 agera,-
1139 2747 1210 2792 non

128 2855 162 2899 se
181 2848 301 2902 tamen
321 2833 529 2926 intelligere,
555 2855 617 2900 cur
636 2830 700 2898 Iros
721 2842 841 2896 tantos
860 2825 929 2894 sibi
937 2825 1122 2919 fingerent
1143 2854 1202 2924 pa

18 2935 19 2938 ’
129 2963 238 3026 rores,
265 2954 330 3009 aut
356 2939 401 3009 de
425 2943 481 3006 sui
494 2936 734 3032 providentia,
755 2947 822 3002 aut
846 2932 891 3001 de
903 2937 1056 3026 propria
1084 2938 1212 3006 uirtute

128 3045 339 3137 &fiderent
354 3060 421 3114 aut
431 3050 543 3113 minus
555 3042 599 3112 de
614 3067 654 3110 se
666 3054 870 3136 sperarent,
902 3041 971 3108 tali
979 3044 1055 3108 uiro
1070 3055 1106 3109 et
1118 3060 1210 3114 certe

19 3203 20 3208 η
129 3153 231 3222 nobili
245 3155 387 3238 saltem,
409 3175 454 3221 ac
468 3148 626 3246 quotide
647 3151 732 3220 Caio
748 3150 868 3216 Mario
886 3151 1018 3243 rtatieon
1032 3150 1210 3243 Arpinate

129 3275 324 3354 sperassent
333 3273 460 3355 patres
478 3279 596 3326 eorum
605 3264 632 3341 ,'
647 3260 710 3349 qui
737 3257 942 3322 Teutonicos
962 3276 1008 3322 ac
1031 3254 1205 3344 Cimbros,

20 3449 21 3452 Ἴ
130 3367 256 3436 daubus
277 3370 519 3436 cruentissimis
536 3379 574 3432 et
585 3378 674 3458 post
692 3362 864 3430 hominurn
883 3365 1081 3430 memoriam
1099 3369 1209 3434 maat-

130 3477 326 3570 mispraeliis
333 3473 643 3564 delessent:neque
650 3466 996 3563 uerodesperandum
1006 3471 1208 3563 vmciposse

134 3585 337 3667 Germanos,
359 3585 439 3675 qui,
464 3595 505 3648 ut
522 3600 680 3646 romana
701 3575 745 3646 de
772 3581 822 3644 eis
849 3578 1008 3644 victorie
1032 3589 1204 3665 tacerent,

131 3711 216 3783 sape
230 3688 278 3758 ab
297 3692 383 3784 insit
401 3688 566 3757 Helvetiis
575 3738 587 3771 ,
606 3707 699 3752 nunc
714 3706 861 3752 romano
879 3680 1024 3751 subditis
1044 3686 1205 3776 imperto,

132 3801 208 3866 uicti
223 3811 364 3866 essent:
379 3810 415 3862 et
430 3789 616 3889 siquando
634 3795 846 3860 conuarutm
866 3791 1048 3874 evenisset,
1066 3811 1137 3857 non
1148 3797 1209 3874 mi·

134 3903 218 3974 etun
244 3909 393 3990 virtute,
418 3901 483 3971 sed
506 3902 676 3972 Ariovisti
699 3899 842 3967 cornilio
871 3911 1006 3990 gestum
1032 3919 1135 3984 esse,
1147 3904 1212 3992 qui

132 4034 224 4102 quum
244 4037 283 4082 se
303 4033 470 4132 statmque
489 4011 676 4077 exereitum
701 4006 827 4073 multos
845 4026 978 4073 menses
990 4003 1209 4097 palustribus

132 4125 303 4208 tentasset,
318 4117 403 4213 jam
429 4116 473 4187 de
490 4115 589 4211 prtel
586 4119 619 4184 io
641 4112 865 4210 desperantes
883 4133 928 4180 aa
948 4109 1135 4243 dispersos
1145 4136 1208 4208 ag·

172 4259 241 4326 III.
998 4239 1089 4312 3
