3000 5025
296 466 611 539 INTERPRES
639 468 878 537 GRAECUS.
910 464 996 539 LIB
1022 468 1049 538 Ι.
1138 466 1214 569 339

135 590 240 695 δόμου
266 612 329 669 τῶν
348 587 497 693 Ῥωμαίων
520 600 703 684 κληθέντος,
725 611 767 695 τῇ
789 612 846 680 τῆς
868 607 979 671 ἐαυτοῦ
1000 604 1135 689 πόλεως,
1156 618 1214 675 τοῦ

135 710 258 801 πατρὸς
289 700 445 803 τυραννίδι
477 712 633 802 ἐπιχειρεῖν
665 709 813 775 ἀνέπεισε·
847 708 898 776 καὶ
927 713 1124 808 Δουμνύρυγα
1158 714 1213 781 τὸν

134 801 276 896 Εδουέα,
291 819 345 883 τὸν
366 810 544 883 Διύιτιακοῢ
564 825 619 882 τοῦ
639 825 695 893 τῆς
718 815 836 893 πόλεως
855 823 917 882 τῶν
939 802 1080 885 θὶδουέων
1103 818 1211 913 ἀρίςου

14 982 15 989 ,
57 1006 59 1013 ⁴
134 946 169 989 τι
191 920 246 988 καὶ
263 923 375 1011 ἀρεςοῢ
389 930 435 1010 τῷ
448 921 557 997 πλάθει
570 912 947 1011 ὅντας,ἀδελφθν,ταυτὸ
967 926 1123 1018 ἐπιχειρεῖν
1143 927 1213 995 ἀνα-

134 1026 264 1110 πείσας,
288 1030 344 1101 τὴν
368 1033 479 1095 ἐαυτοῦ
500 1028 655 1123 θυγατέρα
675 1027 778 1113 ἐκείνῳ
800 1023 1000 1122 προυξίνησε,
1015 1036 1108 1123 ρᾷςον
1136 1028 1213 1101 εἶναι

133 1135 262 1225 ράσκων
279 1129 456 1212 ἐξικνεῖσθαι
472 1137 589 1212 ταύτης
604 1144 660 1212 τῆς
672 1138 894 1227 ἐπιχειρήσεως.
909 1136 949 1201 Οἱ
966 1137 1019 1229 μέν
1034 1136 1094 1232 γὰρ
1111 1123 1213 1215 Ελύά-

132 1266 212 1322 τιοε,
222 1242 279 1333 ἔφη
289 1230 505 1325 ,πάντωντῶν
516 1244 644 1308 Κελτῶν
660 1231 877 1309 δυνατώτατοι
891 1236 966 1309 εἶναι
977 1249 1212 1338 ὁμολογοῦνται·

133 1348 193 1440 ἐγὼ
216 1338 253 1413 δὲ
273 1350 373 1414 αὐτῶν
389 1348 607 1443 ἀναμφιλόγως
622 1342 809 1431 ύασιλεύσω,
823 1353 884 1425 ὥςε
902 1359 943 1444 τῇ
961 1352 991 1415 τ’
1006 1352 1064 1444 ἐμῇ
1083 1342 1213 1444 δυνάμει

132 1452 183 1519 καὶ
201 1463 242 1545 τῇ
258 1456 316 1548 ἐμῇ
332 1459 447 1546 ςρατιᾷ
460 1453 517 1532 τὰς
536 1453 691 1538 βασιλείας
708 1460 913 1547 ὑπισχνοῦμαι
926 1460 995 1547 ὑμῖν
1008 1458 1128 1535 ταύτας
1142 1482 1214 1552 συγ·

131 1560 388 1653 κατεργάσεσθαι.
403 1565 532 1639 Τούτοις
548 1562 601 1654 μὲν
621 1556 670 1627 οὖν
689 1568 754 1639 τοῖς
766 1563 869 1654 λόγοις
882 1561 1073 1653 πειθόμενοι,
1085 1562 1137 1630 καὶ
1158 1555 1211 1631 δε-

133 1659 201 1745 ξιάς
219 1664 271 1733 ἐπὶ
285 1670 408 1743 τούτοις
419 1659 524 1745 δύντες
535 1666 588 1734 καὶ
597 1660 766 1750 λαθόντες,
779 1667 927 1741 ἀπῆλθον·
937 1660 1170 1762 προσδοκῶντες
1185 1671 1212 1737 εἰ

131 1775 257 1850 ταύτας
272 1768 495 1851 τάςύασιλείας
505 1772 587 1866 τρισὶ
596 1774 719 1849 τούτοις
736 1773 881 1865 μεγαθας
896 1763 1005 1865 δόμοις
1014 1775 1212 1868 κατάσχοιεν,

131 1871 251 1972 ῥᾳδίως
267 1874 303 1946 ἀν
319 1885 421 1947 πᾶσαν
437 1881 492 1951 τὴν
508 1874 603 1951 ἀλλην
624 1877 780 1947 Γαλατίαν
795 1878 966 1972 ὑποχείριον
988 1882 1177 1955 παύσεσθαι.

132 2028 135 2035 ·
187 1987 253 2055 IV.
268 1988 395 2053 Τούτων
415 1976 446 2053 δ’
460 1989 515 2053 οὐκ
536 1978 595 2052 οἷδ’
609 1988 692 2063 ὅπως
715 1991 781 2062 τοῖς
795 1970 962 2064 Ελύητίοις
981 1988 1214 2079 σημανθέντων,

133 2090 227 2161 αὐτοὶ
255 2093 309 2161 τὸν
332 2077 532 2187 Οργετόρυγα
555 2082 722 2174 δείσαντες,
745 2088 829 2157 κατὰ
854 2091 892 2160 τὸ
918 2091 1003 2183 σφίσι
1032 2094 1155 2173 σύνηθες
1182 2098 1211 2161 ἐν

132 2206 200 2277 τοῖς
220 2190 345 2290 δεσμοῖς
360 2200 453 2292 λόγον
480 2206 542 2265 τῶν
561 2199 783 2291 πεπραγμένων
804 2187 926 2265 διδόναι
944 2186 1099 2267 ἐκέλευονέ
1114 2206 1214 2268 ἐαλω·

131 2307 206 2373 κότι
231 2295 262 2369 δ’
278 2307 362 2392 αὐτῷ
383 2297 491 2396 ζημίαν
506 2303 648 2371 ἐπέθεσαν
664 2305 701 2371 τὸ
716 2297 791 2381 ζῶον
810 2303 1024 2379 καυθόσεσθαι.
1039 2306 1156 2400 Κυρίας
1176 2297 1212 2374 δέ

134 2404 175 2487 δη
191 2411 308 2505 ἡμέρας
325 2421 380 2489 τῆς
400 2402 487 2489 δίκης
507 2411 706 2493 ἐπελθούσης,
726 2416 741 2476 ύ
764 2395 940 2505 Οργίτορυξ
958 2417 1059 2479 πεῖσαν
1082 2414 1135 2506 μὲν
1155 2416 1213 2489 τὴν

133 2524 249 2587 ἐαυτοῦ
269 2518 364 2586 οἰκίαν
385 2519 425 2597 εἰς
444 2519 516 2596 τοὺς
536 2517 657 2611 μυρίους
678 2508 792 2609 ἀνδρας
811 2513 921 2600 οὖσαν,
941 2519 1061 2599 πάντας
1082 2546 1116 2586 τε
1136 2523 1211 2614 πρὸς

135 2629 261 2706 τούτοις
280 2627 352 2703 τοὺς
365 2627 517 2703 ὑπηκόους
530 2650 566 2692 τε
585 2624 636 2690 καὶ
649 2624 872 2716 χρεωφειλέτας
888 2620 1091 2714 (πάμπολλοι
1111 2617 1146 2692 δὲ
1160 2627 1214 2693 καὶ

135 2731 223 2802 ,οὗτοι
241 2728 342 2818 ἦσαν)
357 2731 397 2809 εἰς
411 2733 448 2800 τὸ
468 2724 622 2823 συνέδριον
637 2732 835 2824 συναγαγὼν,
855 2720 897 2794 δι’
920 2732 1020 2795 αὐτῶν
1045 2732 1099 2823 μὲν
1122 2733 1213 2825 ἔτυχε

135 2841 174 2907 τὸ
200 2841 242 2931 μὴ
270 2837 327 2916 τὰς
346 2837 476 2924 εὐθύνας
492 2828 689 2905 ὑποδύεσθαι·
713 2829 841 2928 θορύύου
860 2827 891 2900 δ’
921 2837 955 2902 οὐ
984 2846 1041 2904 τοῦ
1063 2840 1213 2928 τυχόντος

136 2945 187 3016 ἐπὶ
210 2947 334 3022 τούτοις
353 2947 410 3020 τὴν
433 2944 523 3011 πόλιν
540 2936 794 3024 καταλαύόντος,
809 2939 861 3008 καὶ
879 2944 974 3018 αὐτῆς
993 2944 1030 3008 τὸ
1046 2947 1145 3038 ἐαυτῇ·
1163 2935 1213 3008 δι-

134 3051 263 3144 καίωμα
282 3043 323 3118 δι’
338 3055 440 3118 ὅπλων
455 3049 664 3141 φυλάττεσθαι
682 3051 910 3141 ἐπιχειρούσας,
924 3054 986 3116 τῶν
1006 3039 1037 3113 δ’
1055 3050 1212 3143 ἀρχόντων

136 3150 255 3253 ,ἀνδρας
266 3160 305 3226 ἐκ
324 3165 384 3224 τῶν
401 3157 500 3252 ἀγρῶν
519 3156 651 3232 πολλοὺς
671 3155 721 3224 ἐπὶ
738 3157 843 3240 τούτῳ
861 3155 1114 3248 συναγειρόντων,
1133 3183 1212 3250 μετ-

138 3259 300 3342 ιίλλαξενὸ
317 3249 508 3358 Οργίτορυξ,
522 3268 597 3358 ὥςγε
610 3265 662 3331 ὑπ’
676 3265 779 3330 αὐτῶν
798 3263 1006 3331 ὑποπτεύετακ
1025 3270 1087 3329 τῶν
1107 3249 1213 3338 Ελύη-

138 3370 213 3458 Ιτίων
224 3423 234 3455 ,
247 3371 357 3438 ἑαυτὸν
376 3362 567 3461 ἀποσφάξας.
831 3415 835 3424 ·
1193 3357 1197 3365 ⁵

192 3480 238 3547 V.
253 3467 359 3545 Ᾰυτοῢ
379 3468 410 3542 δ’
426 3475 651 3556 ἀποθανόντος,
667 3466 755 3541 οὐδέν
776 3499 810 3540 τι
830 3471 924 3548 κίτταν
944 3473 977 3540 οἱ
1001 3458 1152 3549 Ελύίτιοι
1174 3478 1212 3545 τό

142 3595 197 3663 τῆς
217 3575 325 3662 ἐξόδου
341 3581 523 3677 ἐπιχείρημα
543 3582 700 3650 ἀποτελεῖν
718 3582 928 3675 ἐπειράσαντο.
945 3564 1063 3654 Επειδὴ
1080 3582 1133 3672 μὲν
1154 3579 1213 3677 γὰρ

142 3691 261 3783 τάχιςα
276 3688 519 3784 παρεσκευάσθαι
534 3689 690 3781 ἐνόμισαν,
701 3687 804 3763 πάσας
820 3686 873 3777 μὲν
889 3683 945 3764 τὰς
965 3687 1069 3768 πόλεις
1090 3678 1215 3758 δώδεκα

139 3799 234 3876 ούσας
245 3797 308 3882 ,τά
330 3798 359 3862 τ’
371 3793 453 3864 ἀλλα
471 3794 577 3864 πάντα
592 3786 659 3862 ἴδια
680 3797 790 3870 ἐκαςος
803 3784 1040 3884 οἰκοδομήματα
1058 3796 1215 3885 καταρλέ·

133 3897 269 3985 .ξαντες,
289 3902 394 3970 πάντα
412 3893 447 3969 δέ
459 3904 512 3972 τὸν
535 3908 639 3984 σῖτον,
658 3901 737 3972 πλὴν
753 3897 788 3965 οὗ
810 3891 1043 3979 συσκευάζεσθαι
1064 3901 1215 3991 ἔμελλον,

137 4004 223 4092 (ἵνα
244 4020 301 4087 τῆς
322 4011 370 4077 ἐπ’
391 4007 473 4076 οίκου
497 3999 648 4076 ἐπανόδου
673 4007 875 4100 ἀπογνόντες,
899 4003 1121 4099 προθυμότεροι
1142 4009 1214 4088 τοὺς

139 4107 300 4194 κινδύνους
321 4106 504 4184 θποδύοιντο
520 4111 533 4201 )
547 4116 773 4209 ἐμπρήσαντες,
788 4111 892 4200 ἑκάςῳ
910 4111 963 4204 μὲν
984 4107 1102 4204 ἄλφιτα
1115 4118 1216 4202 ἐαυτῷ

961 4269 1007 4316 22
