3000 5025
334 491 409 564 526
636 492 675 561 C.
703 493 851 562 JULII
879 491 1122 561 CAESARIS

274 675 279 684 ·
328 625 385 705 τὰς
411 627 514 705 πόλεις
541 626 749 700 άπελάθησαν.
773 626 814 692 Οἱ
833 617 869 692 δὲ
893 615 1088 720 Ᾰλλόόρογες
1115 621 1215 716 συχνὰ
1243 620 1325 690 κατὰ
1348 622 1394 686 τὸν
1475 668 1476 671 ¹

327 719 464 802 ῥοδανὸν
481 736 608 827 φρούρια
630 736 882 816 καταςνίσαντες,
896 739 995 826 πολλῇ
1019 724 1141 823 σπουδῇ
1160 757 1214 812 τε,
1228 728 1281 796 καὶ
1301 731 1396 818 ἐπιμε-

325 839 394 931 λείρι
410 843 468 914 τὴν
490 852 573 931 σφῶν
596 843 699 934 χώραν
723 825 985 931 διεφύλαττονῡ
1008 831 1043 906 δὲ
1064 841 1186 930 Καῖσαρ
1206 827 1312 909 ἐπειδὴ
1334 841 1396 910 τοὺς

328 947 490 1038 πολεμίους
510 947 626 1035 ἱππικῷ
648 953 760 1015 ἑαυτοῦ
780 954 901 1039 κρατεῖν
922 948 1016 1038 ἑώρα,
1031 949 1081 1012 ότι
1102 970 1154 1026 τε,
1172 951 1235 1011 τῶν
1255 941 1398 1033 πολεμίων

328 1052 384 1131 τὰς
410 1046 501 1132 ὀδοὺς
524 1054 626 1132 πάσας
654 1056 933 1146 παρατηροόντων,
949 1055 980 1118 ἐν
1004 1043 1105 1119 οὐδενὶ
1129 1055 1294 1145 πράγματι
1316 1050 1349 1116 ἐκ
1369 1073 1399 1114 τε

328 1171 383 1238 τῆς
398 1145 526 1238 Ῐταλίας
542 1160 594 1228 καὶ
612 1171 668 1240 τῆς
691 1160 839 1252 ἐπαρχίας
858 1159 1037 1250 ὠφελεῖσθαι
1057 1151 1213 1239 ηδένατο,
1233 1156 1274 1234 εἰς
1294 1157 1399 1231 τὸτῆς
1475 1198 1476 1241 ;

326 1267 420 1361 πέραν
435 1277 492 1334 τοῦ
507 1252 604 1342 Ῥήνου
622 1265 807 1362 Γερμανίας,
818 1266 835 1334 3
848 1265 978 1359 πρόσθεν
994 1264 1081 1356 ριλον
1097 1263 1149 1332 καὶ
1163 1266 1329 1356 σύμμαχον
1344 1267 1399 1338 τοῖς

327 1358 479 1465 Ῥωμαίοις
506 1377 700 1457 ἐπεποιήκει,
730 1375 839 1467 μέρος,
867 1373 1015 1468 ἀγγέλους
1047 1369 1268 1464 πεμψάμενος,
1298 1369 1399 1444 ἱππέας
1475 1364 1476 1405 3

326 1482 400 1571 παρ’
427 1479 565 1564 ἐκείνων,
589 1479 640 1547 καὶ
667 1483 798 1572 κούρους
823 1473 950 1562 πεζοὺς,
977 1473 1093 1571 μεταξὺ
1126 1482 1227 1544 αὐτῶν
1257 1473 1400 1568 μάχεσθαι
1475 1502 1476 1507 ’

327 1586 486 1670 εἰωθότας,
503 1588 678 1680 παρεκάλει·
708 1585 748 1653 ὧν
779 1586 1051 1680 παραγενόμενων,
1069 1576 1175 1659 ἐπειδὴ
1203 1587 1262 1652 οὐκ
1285 1581 1399 1676 ἀγαθοῖς

327 1695 431 1771 ’ίπποις
449 1695 602 1787 ἐχρῶντο,
619 1695 691 1771 τοὺς
709 1703 772 1761 τῶν
797 1719 831 1760 τε
850 1692 1047 1788 μυριάρχων,
1067 1693 1118 1758 καὶ
1134 1702 1196 1758 τῶν
1219 1697 1337 1757 λοιπῶν
1355 1689 1399 1754 ἱπ-

327 1802 407 1866 πέων
424 1785 574 1892 ῥωμαίων
584 1802 696 1878 ἵππους
706 1801 919 1892 άρελὼν,τοῖς
929 1803 1095 1892 Γερμανοῖς
1105 1799 1236 1874 τοότους
1250 1787 1398 1863 διέδωκεν.
1417 1837 1421 1846 -

304 1963 308 1970 .
382 1908 505 1975 LXVI.
516 1893 559 1972 Εν
571 1909 674 1992 τούτῳ
683 1898 718 1972 δὲ
728 1911 747 1980 ἥ
757 1931 791 1974 τε
801 1914 863 1972 τῶν
874 1905 1027 1998 πολεμίων
1036 1909 1071 1972 ἐκ
1079 1913 1146 1972 τῶν·
1156 1892 1319 1998 Ᾰρόέρνων
1335 1928 1400 1992 ςρα·

328 2011 392 2092 τιὰ,
400 2013 487 2081 καὶοὶ
496 2014 580 2107 πάσρ
588 2039 628 2087 τη
637 2012 1025 2106 Γαλατίᾳέπαγγελθέντες
1033 2014 1133 2089 ἱππεῖς
1143 2011 1218 2103 πρὸς
1226 2012 1281 2077 τὸν
1290 2013 1398 2102 Βερκιγ·

325 2119 855 2214 γετόρυγασυνῆλθον.Παμπολλων
864 2111 899 2186 δὲ
908 2122 1027 2185 τούτων
1035 2108 1396 2207 όντων,ἐπειδηόΚαῖοαρ

327 2225 368 2303 είς
382 2229 439 2299 τὴν
451 2225 599 2319 ἐπαρχίαν
615 2217 668 2292 διὰ
677 2237 733 2304 τῆς
743 2217 805 2292 τῶν
818 2228 956 2292 Σικανῶν
971 2228 1072 2317 χώρας
1083 2226 1245 2317 ἐπορεύετο
1256 2224 1326 2310 ,ἵνα
1335 2227 1397 2315 ῥᾷον

284 2395 290 2410 ,
328 2323 454 2398 δύναιτο
466 2336 545 2424 αὐτῇ
555 2326 673 2404 όοηθεῖν
682 2385 691 2416 ,
701 2323 896 2427 ὀγδοήκοντα
909 2323 1007 2410 ςοίδια
1021 2333 1076 2398 ἀπ’
1087 2335 1185 2398 αὑτοῦ
1197 2339 1290 2423 τριχῇ
1305 2336 1322 2396 3
1336 2333 1399 2421 Βερ-

327 2432 507 2534 κιγγέτορυξ
526 2431 827 2531 ἐςρατοπεδεόσατο·
848 2441 920 2517 τοός
943 2465 978 2506 τε
997 2438 1169 2531 ἱππάρχους
1188 2445 1310 2515 πάντας
1332 2461 1398 2530 ουγ-
1475 2517 1476 2520 ¹

325 2547 472 2647 καλέσας,
492 2552 632 2641 παρεῖναι
656 2547 711 2614 τὸν
741 2556 798 2623 τῆς
822 2546 907 2622 νίκης
933 2548 1037 2641 καιρὸν
1065 2537 1238 2611 ἐδίδασκεν.
1257 2545 1401 2637 Φείγουσι

327 2654 380 2747 μέν
399 2650 477 2747 γδιρ,
494 2654 571 2752 ἔφη,
588 2653 628 2730 είς
653 2656 708 2727 τὴν
729 2652 878 2745 ἐπαρχίαν
899 2653 927 2719 οἱ
946 2639 1104 2744 λ’)ωμαῖοι,
1118 2662 1174 2729 τῆς
1194 2677 1228 2717 τε
1248 2649 1401 2726 Γαλατίας

327 2754 450 2837 ἐξιᾶσιν·
467 2758 484 2827 3
503 2764 578 2853 πρὸς
597 2758 652 2851 μέν
676 2762 733 2835 τὴν
759 2764 788 2825 ἐν
807 2769 854 2845 τῷ
873 2761 1005 2852 παρόντι
1023 2757 1189 2850 ἐλευθερίαν
1209 2759 1305 2852 άρκεῖ·
1326 2754 1402 2823 αλλὰ
1475 2775 1476 2833 3

327 2877 440 2951 τοῦτο,
458 2868 533 2959 πρὸς
547 2867 584 2933 τὸ
604 2866 644 2944 εἰς
668 2868 722 2934 τὸν
742 2868 851 2931 ἔπειτα
864 2864 970 2931 πάντα
988 2865 1096 2959 χρόνον
1115 2868 1145 2932 ἐν
1161 2864 1261 2956 είρόνη
1281 2890 1336 2946 τε,
1355 2863 1403 2930 καὶ

327 2973 440 3065 ἡσυχίᾳ
458 2979 539 3065 ἡμᾶς
559 2967 650 3056 εἶναι,
670 2964 759 3039 οὐδὲν
787 2973 923 3039 ἀνόττει·
948 2972 977 3039 οἱ
1001 2969 1132 3066 μὲνγὰρ
1154 2957 1295 3063 Ρωμαῖοι
1313 2966 1403 3060 μείζω
1475 2977 1476 3050 ἴ

326 3090 382 3147 τοῦ
405 3080 557 3172 παρόντος
581 3080 696 3173 ςρατὸν
716 3075 963 3172 συναγείραντες,
978 3075 1061 3156 αὖθις
1081 3081 1256 3160 ἐπανιᾶσιν,
1272 3077 1325 3144 καὶ
1348 3104 1403 3146 πο-

323 3193 487 3279 λεμοῦντες
507 3190 598 3282 ,ἡμᾶς
625 3177 776 3253 οὐδέποτε
802 3186 985 3253 παύσονται.
1012 3188 1067 3250 Δεῖ
1091 3183 1142 3252 οὖν
1168 3184 1291 3262 ἐκείνοις
1327 3184 1404 3277 ἀμφὶ
1475 3171 1476 3238 ἶ

325 3296 382 3366 τὴν
401 3283 473 3358 ὁδὸν
488 3293 723 3385 ἀσχολουμένοις
738 3291 933 3364 ἐπιτίθεσθαι·
948 3290 974 3357 εἰ
989 3289 1116 3384 μὲνγὰρ
1136 3291 1165 3358 οἱ
1178 3301 1240 3358 τῶν
1255 3276 1403 3383 Ῥωμαίων
1475 3335 1476 3346 ι

325 3395 411 3479 πεζοὶ
426 3406 490 3476 τοῖς
504 3407 587 3490 σφῶν
602 3400 796 3490 σκευοφόροις
814 3398 989 3482 βοηθοῦσιν,
1004 3400 1034 3464 ἐν
1047 3396 1153 3484 τοότῳ
1167 3401 1201 3464 οὐ
1219 3389 1404 3470 δυνήσονται
1475 3451 1476 3490 γ

325 3505 512 3597 πορεόεσθαι·
528 3497 604 3572 εἰδὲ
622 3502 658 3589 (3
674 3504 793 3583 άληθῶς
808 3501 893 3597 οἶμαι
908 3509 1025 3597 μᾶλλον
1043 3499 1253 3597 συμόόσεται)
1263 3500 1306 3571 v&
1322 3512 1404 3595 σρῶν

324 3616 473 3706 χρηματα
495 3611 601 3679 πάντα
619 3612 846 3695 ἀπολιπόντες,
862 3613 990 3689 ἑαυτοὺς
1011 3602 1169 3688 διασώζειν
1185 3614 1403 3703 ἐπιχειροῦσιν,

326 3722 392 3813 ἅμα
405 3727 467 3786 τῶν
486 3743 520 3786 τε
540 3710 744 3802 ἐπιτηδείων,
760 3717 811 3785 καὶ
826 3728 883 3785 τοῦ
896 3726 979 3809 σφῶν
1000 3712 1175 3810 ἀξιώματος
1195 3718 1404 3810 άποςερήσον-

324 3852 388 3894 ται.
416 3825 492 3919 Περὶ
521 3816 555 3892 δὲ
582 3836 642 3892 τῶν
672 3825 788 3893 ἱππέων
812 3833 873 3891 τῶν
901 3810 1051 3916 Ρωμαίων
1072 3816 1195 3912 (οὐδεὶς
1218 3821 1277 3917 γὰρ
1303 3829 1403 3893 αὐτῶν

326 3935 510 4027 προσωτέρω
525 3942 580 4011 τῆς
595 3943 678 4023 σρῶν
693 3931 851 4026 ροθαγγος
864 3934 1052 4024 προκόπτειν
1065 3923 1190 4023 τολμᾷ)
1202 3936 1237 3997 οὐ
1251 3933 1310 4025 χρὴ
1324 3936 1402 4024 ἡμᾶς

326 4031 469 4106 δεδιέναι·
491 4040 541 4105 ἵνα
560 4033 611 4128 δ’,
627 4041 704 4130 ἐρη,
724 4040 924 4132 εὐθυμότερον
943 4048 1039 4106 τοῦτο
1066 4048 1197 4121 ποιῆτε,
1218 4043 1322 4105 πᾶσαν
1349 4041 1401 4113 τὴν

325 4149 399 4239 ἐμὴν
414 4144 546 4239 ςρατιέιν
560 4149 595 4213 ἐκ
613 4156 669 4213 τοῦ
683 4137 881 4239 ςρατοπέδου
895 4138 1009 4233 ἐξάξω,
1022 4147 1205 4237 ἵναμοῖλλον
1223 4144 1252 4211 οἱ
1264 4146 1402 4240 πολέμιοι
