3000 5025
239 492 545 564 INTERPRES
572 495 811 564 GRAECUS.
839 496 936 564 LIB.
966 494 1053 563 Vll.
1108 486 1182 560 523

102 623 240 713 ἐρετμῶν
258 623 298 703 εἰς
317 628 416 694 ταυτό
435 624 608 717 ἐπέμψατο·
629 629 722 705 αὐτὸς
743 617 779 694 θέ
802 631 870 720 μετ’
892 625 994 722 ὀλίγον
1013 635 1084 720 σιγῇ
1101 623 1183 716 1πρός

101 729 175 806 τοὺς
192 729 303 810 ἱππέας
322 731 403 825 μετὰ
419 743 510 828 τριῶν
525 734 696 829 ταγμάτων
715 733 859 808 ἐπῆλθεν.

156 838 250 906 LXI.
277 824 421 906 Ενταῶθα
447 833 477 908 θ’
499 845 595 911 αὐτοῦ
613 841 883 936 παραγενομένου,
897 842 926 909 οἱ
944 851 1006 907 τῶν
1030 835 1184 929 πολεμίων

102 940 315 1034 κατάσκοποι,
328 946 423 1016 παντὶ
447 959 503 1016 τοῦ
520 959 665 1040 ποταμοῦ
684 949 789 1030 ὀντες,
811 959 959 1040 χειμῶνος
988 937 1185 1038 συμύάντος,

102 1053 156 1117 ὑπ’
176 1053 273 1120 αὐτοῦ
290 1054 528 1146 συνελήφθησαν·
542 1057 580 1123 τὸ
597 1048 632 1122 θέ
650 1055 774 1123 ἱππικὸν
794 1054 846 1122 καὶ
866 1057 904 1122 τό
926 1048 1017 1132 πεζὸν
1040 1062 1097 1122 τοῦ
1116 1054 1185 1117 Λα·

102 1151 212 1231 ύιηνοῦ
220 1208 229 1241 ,
243 1159 308 1226 τῶν
322 1160 439 1228 ἱππέων
459 1147 608 1255 Ῥωμαίων
623 1171 728 1230 ταῦτα
740 1162 963 1254 πραττόντων,
978 1157 1007 1227 οἳ
1024 1156 1074 1226 ἐπὶ
1087 1167 1183 1224 τοῦτο

100 1264 162 1332 ὑπὸ
185 1274 242 1332 τοῦ
261 1265 417 1360 Καίσαρος
441 1269 631 1360 ἐτάχθησαν,
650 1268 734 1347 εὐθὺς
755 1260 947 1362 θιεπορεύθη.
964 1252 1007 1333 Εν
1026 1267 1130 1348 τούτῳ
1149 1254 1184 1329 θὲ

99 1371 162 1438 ὑπὸ
184 1373 223 1438 τό
242 1382 306 1462 ρῶς
329 1381 399 1453 τοῖς
413 1375 569 1468 πολεμίοις
597 1375 797 1471 ἀπηγγέλθη,
812 1378 843 1442 ἐν
871 1385 918 1461 τῷ
946 1381 1008 1439 τῶν
1032 1358 1183 1462 Ρωμαίων

100 1470 292 1571 ςρατοπίθῳ
317 1475 441 1574 μείζονα
466 1493 523 1550 τοῦ
549 1482 689 1561 εἰωθότος
722 1477 849 1576 θόρυύον
878 1478 985 1564 εἶναι,
999 1481 1117 1551 πολλόν
1150 1501 1184 1545 τε

99 1582 234 1676 ςρατιόιν
258 1587 381 1654 ἐναντία
410 1598 466 1656 τοῦ
498 1599 643 1681 ποταμοῦ
670 1581 848 1656 θιαύαίνειν·
875 1586 1007 1655 ἐνταῦθα
1038 1585 1092 1676 μὲν
1124 1580 1183 1678 γόιρ

100 1691 201 1784 μέγαν
219 1695 335 1760 κτύπον
350 1697 484 1787 ἐρετμῶν
501 1694 726 1779 εἰσακούεσθαι,
741 1695 794 1762 καὶ
812 1694 913 1789 ὀλίγον
931 1693 1099 1782 κατωτέρω
1112 1690 1184 1767 τοὺς

99 1800 282 1889 ςρατιύτας
298 1800 386 1868 ναυσὶ
398 1801 605 1894 περαιοῦσθαι.
618 1806 721 1870 Τοῦτο
735 1794 771 1868 θὲ
788 1798 989 1883 ἀκούσαντες,
1003 1802 1054 1872 ότι
1071 1795 1115 1863 τόι
1126 1805 1185 1864 τοῦ

97 1897 259 1977 Λαύιηνοῶ
273 1906 424 2002 τάγματα
438 1919 529 2004 τριχῇ
542 1900 724 1992 ὀιαύαίνειν,
737 1908 788 1976 καὶ
801 1908 922 1985 πάντας
936 1907 1008 1983 τοὺς
1024 1889 1184 1995 Ῥωμαίους

97 2013 158 2085 τήν
178 2020 240 2110 τῶν
258 1997 400 2082 Εθουέων
416 2015 570 2092 άπόςασιν
588 2017 737 2109 γνόντας,
751 2013 792 2092 είς
812 2017 910 2108 φυγὴν
934 2003 1184 2105 παρασκευάζεσ-

99 2117 152 2184 θαι
175 2112 327 2210 ἐνόμιζον,
347 2131 438 2214 τριχῇ
458 2122 509 2188 καὶ
533 2121 624 2189 αὐτοὶ
644 2125 701 2196 τὴν
728 2129 812 2212 σφῶν
832 2117 964 2214 ςρατιόιν
986 2119 1181 2191 ἐποιήσαντο·

97 2225 191 2316 μέρος
215 2225 348 2320 μὲνγὰρ
372 2229 445 2296 κατ’
469 2229 633 2321 ἀντιπέραν
656 2237 713 2296 τοῦ
732 2236 794 2294 τῶν
817 2212 965 2320 Ρωμαίων
985 2215 1182 2317 ςρατοπέθου

14 2405 15 2408 ¹
96 2332 343 2415 καταλιπόντες,
362 2334 414 2402 καὶ
432 2335 552 2430 ὀλίγους
572 2334 657 2413 τινόις
684 2337 862 2429 ςρατιώτας
875 2329 965 2400 κατὰ
984 2334 1041 2404 τὴν
1063 2331 1182 2396 Μετιό-

96 2427 197 2510 σηθον
221 2438 310 2506 πόλιν
334 2437 532 2535 πέμψαντες,
557 2440 608 2508 καὶ
633 2443 757 2519 τούτοις
782 2451 951 2523 τοσοῦτον,
970 2442 1098 2529 ὅσονπερ
1124 2434 1182 2515 τὰς

97 2554 162 2611 τῶν
182 2528 331 2638 θ’)ωμαίων
355 2558 444 2631 ναῦς,
463 2548 617 2641 προελθεῖν
634 2545 913 2642 παραγγείλαντες,
932 2546 970 2613 τό
986 2545 1094 2612 λοιπὸν
1120 2548 1181 2611 πάν

98 2650 263 2745 ςράτευμα
276 2652 359 2721 κατὰ
373 2664 430 2722 τοῦ
448 2650 605 2728 Λαύιηνοῦ
621 2654 805 2749 ἀντανῆγον.

153 2759 262 2827 LXII.
279 2746 356 2854 Ᾰμα
374 2753 408 2827 θὲ
424 2772 465 2856 τῇ
483 2763 584 2855 ἡμέρα
601 2761 715 2837 πάντες
734 2785 770 2826 τε
788 2761 817 2827 οἱ
829 2744 967 2845 Ρωμαῖοι
985 2750 1183 2845 θιεύιβασμέ-

97 2892 145 2935 νοι
163 2860 257 2950 ἦσαν,
272 2868 323 2935 καὶ
344 2874 363 2945 η
395 2878 456 2934 τῶν
478 2866 632 2965 πολεμίων
658 2860 784 2961 φάλαγξ
805 2867 985 2956 καταφανὴς
1003 2845 1179 2957 ἐγένετο.ί)

99 2972 155 3065 μὲν
182 2968 232 3039 οὖν
257 2968 412 3051 Λαύιηνός
439 2980 504 3052 τοῖς
528 2976 716 3067 ςρατιύταις
746 2984 803 3050 τῆς
828 2980 913 3062 σφῶν
940 2972 1068 3064 άρετῆς,
1087 2964 1181 3059 σὺνι]

98 3082 255 3158 τοσαύτας
289 3083 480 3155 νενικήκεσαν
508 3080 629 3174 μάχας,
653 3080 843 3173 μεμνῆσθαι,
868 3080 998 3170 προσέτι
1024 3102 1060 3142 τε
1086 3074 1179 3141 αὐτὸν

96 3194 238 3279 παρεῖναι
256 3187 310 3255 τὸν
324 3187 483 3282 Καίσαρα,
497 3189 550 3255 σὺν
571 3186 595 3275 ᾧ
613 3185 762 3264 πολλάκις
781 3196 842 3253 τῶν
869 3183 1022 3277 πολεμίων
1046 3181 1180 3270 ἐκράτη-

98 3318 173 3376 σαν,
189 3288 320 3387 νομίζειν
346 3295 663 3388 παρακελευσάμενος,
684 3300 808 3386 σημεῖον
831 3289 885 3386 ἦρε
911 3302 968 3370 τῆς
995 3290 1107 3383 μάχης.
1129 3272 1178 3353 Ἑν

98 3391 134 3465 θέ
160 3409 201 3493 τῇ
219 3402 328 3495 πρώτη
349 3407 526 3495 συμπλοκῇ,
541 3405 575 3469 ἐκ
602 3402 655 3494 μὲν
679 3410 736 3468 τοῦ
758 3392 860 3479 ὀεξιοῶ
877 3400 1024 3491 κέρατος,
1038 3400 1115 3463 ὅπου
1140 3395 1178 3460 τό

97 3495 233 3598 έίίόομον
252 3506 361 3601 τάγμα
381 3509 550 3593 ἐτέτακτο,
574 3509 601 3575 οἱ
630 3510 772 3601 πολέμιοι
792 3505 972 3581 ἡττηθησάν
996 3528 1049 3587 τε,
1065 3502 1118 3568 καὶ
1138 3500 1178 3577 είς

95 3610 194 3707 ρυγθον
213 3612 401 3705 ἐτράπησαν·
425 3619 459 3681 ἐκ
484 3606 518 3682 θὲ
545 3624 602 3681 τοῦ
624 3617 794 3708 εὐωνύμου,
808 3616 884 3680 ὀπου
905 3609 941 3685 ἦν
960 3612 998 3677 τὸ
1016 3632 1178 3676 πεντεκαι-

96 3710 229 3786 θέκοιτον
250 3720 376 3815 τάγμα,
397 3728 459 3787 τῶν
484 3720 697 3814 πρωτοςάτων
721 3732 784 3787 τῶν
805 3720 956 3811 πολεμίων
984 3711 1086 3784 ύέλεσι
1106 3706 1178 3781 θια-

95 3828 255 3919 παρέντων
275 3852 328 3911 τε,
354 3828 406 3894 καὶ
425 3829 601 3911 πεσόντων,
624 3830 706 3920 ὅμως
726 3826 755 3894 οἱ
770 3826 875 3896 λοιποὶ
902 3826 1075 3920 ἐρρωμένως
1096 3820 1176 3913 ἐμά·

95 3942 208 4025 χύντο,
223 3932 294 3999 ούτε
318 3934 359 4012 είς
377 3937 474 4029 φυγὴν
496 3926 595 4011 οὐθεὶς
616 3936 716 4001 αὐτῶν
737 3933 902 4028 ἐτράπετο.
921 3933 1024 4019 ᾼότός
1045 3931 1097 4024 μὲν
1116 3926 1175 4023 γὰρ

95 4044 112 4106 ὀ
132 4039 251 4106 ἐκείνων
266 4042 424 4134 ςρατηγός
445 4044 676 4136 Καμουλογῒνος
691 4040 823 4107 ἐνταῦθά
841 4067 875 4108 τε
889 4050 1011 4133 παρῆν,
1025 4038 1076 4105 καὶ
1098 4034 1176 4102 ἐκεί-

95 4170 156 4225 νοις
175 4136 411 4240 ’παρεκελεύετο
426 4137 633 4242 Ᾰμρισόητου
663 4140 692 4214 θ’
716 4150 764 4215 ἔτι
791 4147 883 4224 ούσης
909 4157 966 4224 τῆς
994 4139 1176 4221 άπούάσευς
