3000 5025
295 523 368 615 θύα
594 522 633 595 C.
661 520 805 594 JULII
836 509 1071 591 cAEsA'ms

292 648 414 729 Εδουέα
424 661 621 755 Δουμνόρυγα
634 655 794 750 ἔπεμψαν,
810 648 947 751 δεόμενοι
962 661 1057 723 αὐτοῦ
1064 706 1074 739 ,
1086 664 1189 722 ταῦτα
1202 651 1287 747 σφίσι
1298 674 1372 750 σὐμο

293 768 453 862 πράττειν.
470 751 559 833 (δ’δὲ
575 760 749 859 Δούμνορυξ
764 764 852 842 οὗτος
868 765 942 831 τότε
966 766 996 829 ἐν
1019 768 1083 840 τοῖς
1103 763 1244 840 Σικανοῖς
1256 764 1367 848 ἤνθει,

291 872 343 940 καὶ
359 864 559 968 δωροδοκίαις
580 865 748 965 ἠυδοκίμει·
765 874 934 963 προσφιλὴς
948 860 979 936 δ’
992 862 1024 943 ἦν
1038 876 1102 946 τοῖς
1117 856 1300 952 Ελύητίοις,
1313 873 1367 937 άτε

290 982 472 1075 γεγαμηκὼς
496 982 531 1047 ἐκ
548 989 604 1057 τῆς
625 982 726 1045 αὐτῶν
742 977 859 1055 πόλεως
883 978 974 1054 ούσης
999 978 1056 1049 τὴν
1082 986 1138 1043 τοῦ
1153 960 1367 1071 Ορχετόρυχος

291 1086 454 1181 θυγατέρα·
466 1087 542 1180 πρὸς
557 1087 678 1163 τούτοις
693 1075 728 1151 δὲ
744 1084 796 1151 καὶ
809 1079 975 1151 όασιλεύειν
990 1081 1159 1173 ἐπιθυμῶν,
1176 1076 1368 1176 ἐνεωτέριζε,

290 1190 342 1259 καὶ
358 1198 397 1271 ὡς
412 1183 547 1268 ἠδύνατο
568 1192 698 1269 πλείςας
714 1192 819 1269 πόλεις
840 1180 1022 1284 δωροδοκῶν
1039 1187 1228 1282 άναρτᾶσθαι
1248 1189 1368 1281 ἐπεχεί·

290 1324 342 1392 ρει.
356 1301 466 1385 Τούτῳ
485 1299 538 1389 μὲν
562 1294 612 1364 οὖν
636 1306 681 1383 τῷ
704 1298 867 1393 πράγματι
882 1299 991 1372 ἐκεῖνος
1011 1298 1209 1388 ἐγχειρησας,
1223 1294 1312 1389 παρά
1334 1318 1368 1362 το

289 1412 351 1471 τῶν
368 1406 504 1470 Σικανῶν
514 1456 523 1487 ,
535 1394 607 1480 τοὺς
620 1389 794 1481 Ελόητίους
810 1396 864 1469 διὰ
880 1412 935 1479 τῆς
949 1409 1031 1490 σφῶν
1046 1404 1149 1496 χώρας
1168 1402 1367 1492 πορεύσεσθαι

289 1498 499 1604 διεπράξατο,
523 1509 574 1575 καὶ
598 1509 742 1586 ἀλληλοις
771 1514 903 1603 ὁμόρους
925 1497 1047 1572 διδόναι
1068 1508 1247 1580 ἐποιήσατο·
1280 1506 1368 1599 ἐφ’ᾧ

289 1616 386 1708 οἱμὲν
402 1615 528 1683 Σικανοὶ
547 1625 603 1692 τῆς
618 1607 757 1710 παρόδου
773 1617 844 1692 τοὺς
858 1600 1031 1690 Ελθητίους
1050 1616 1105 1678 οὐκ
1120 1607 1325 1706 άπείρξουσιν·
1342 1614 1369 1682 οἱ

291 1712 325 1790 δὲ
341 1709 492 1797 Ελόητιοι
506 1720 527 1815 ᾗ
542 1724 601 1814 μὴν
620 1714 730 1799 άσινῶς
744 1719 943 1815 πορεύσεσθαι
959 1725 1023 1810 τοῖς
1035 1720 1176 1798 Σικανοῖς
1192 1721 1365 1812 δρόσοισιν.

342 1831 386 1896 X.
403 1813 432 1893 0
447 1829 501 1921 μὲν
516 1824 566 1895 οὖν
583 1830 705 1921 Καῖσαρ
729 1837 799 1905 τούς
815 1812 987 1904 Ελύητίοος
1011 1825 1212 1917 ἐνθυμηθῆναι
1234 1818 1290 1893 διὰ
1312 1838 1367 1908 τῆς

202 1971 206 1985 ·
289 1946 350 2002 τῶν
368 1918 507 2001 Σικανῶν
521 1944 577 2028 γῆς
600 1934 640 2012 εἰς
663 1938 721 2006 τὴν
746 1942 809 1998 τῶν
830 1933 989 2000 Σαντόνων
1012 1932 1191 2025 πορεύεσθαι
1213 1932 1368 2019 ἀκούσας’,

289 2036 394 2125 (αύτη
419 2033 448 2105 δ’
463 2048 481 2114 η
498 2044 585 2134 χώρα
600 2044 634 2107 οὐ
651 2036 769 2134 μακρὰν
789 2049 846 2117 τῆς
860 2049 922 2107 τῶν
938 2042 1126 2105 Τολοσατῶν
1142 2039 1261 2118 πόλεως
1278 2042 1309 2106 ἐν
1328 2053 1367 2136 τῇ

287 2156 350 2215 τῶν
373 2133 522 2241 Ῥωμαίων
545 2144 723 2240 ἐπικρατείᾳ
746 2146 852 2228 ούσης,
871 2141 1003 2236 ἀπέχει)
1023 2142 1075 2211 καὶ
1089 2144 1115 2211 εἰ
1132 2154 1236 2213 ταῦτα
1251 2142 1368 2239 συμύη·

287 2279 392 2337 σεται,
408 2244 607 2319 κινδυνεύσειν
622 2257 724 2318 πᾶσαν
741 2252 797 2319 τὴν
818 2251 967 2345 ἐπαρχίαν
984 2251 1220 2343 ἐνθυμούμενος,
1235 2253 1261 2318 εἰ
1278 2244 1368 2321 δυνα-

286 2350 427 2426 τώτατοί
437 2385 472 2425 τε
486 2358 538 2425 καὶ
551 2357 693 2450 κράτιςοι
704 2349 829 2450 ἄνδρες,
842 2357 894 2424 καὶ
905 2358 980 2451 πρὸς
997 2359 1119 2436 τούτοις
1134 2365 1199 2436 τοῖς
1212 2344 1365 2452 Ῥωμαίοις

286 2466 448 2559 πολέμιοι,
462 2468 491 2532 ἐν
515 2465 622 2544 τόποις
643 2466 820 2559 ιύρυτάτοις
836 2489 871 2533 τι
893 2464 944 2533 καὶ
961 2464 1173 2559 ἐνιργοτάτοις
1189 2467 1364 2563 πρόσχωροι

285 2583 342 2651 τῆς
361 2571 555 2666 ἐπικρατείας
572 2574 718 2665 γίνοιντο·
735 2582 831 2639 τοῦτο
846 2573 899 2664 μὲν
918 2567 968 2639 οὖν
988 2571 1223 2663 ἐνθυμούμενος,
1238 2577 1295 2642 τὸν
1312 2577 1363 2668 μὲν

286 2682 423 2775 ὕπαρχον
437 2677 531 2745 Τίτον
547 2673 702 2752 Λαόιηνθν
718 2681 822 2764 τούτῳ
836 2689 884 2745 τῶ
902 2680 1049 2773 ἐρύματι,
1066 2678 1134 2772 περὶ
1154 2677 1187 2746 οὗ
1201 2671 1265 2754 ἤδη
1281 2682 1362 2774 ἐῤῥέ-

286 2785 343 2869 θη,
357 2788 514 2863 ἐπέςησεν·
531 2786 624 2864 αὐτὸς
640 2776 676 2852 δὲ
695 2792 734 2864 ὡς
748 2776 883 2861 ηδυνηθη
900 2785 1019 2876 τάχιςα
1031 2784 1072 2862 εἰς
1087 2787 1144 2858 τὴν
1162 2770 1290 2854 Ῐταλίαν
1303 2790 1362 2855 α’π-

284 2891 378 2987 άρας,
394 2895 458 2960 ἐκεῖ
469 2917 503 2957 τε
516 2883 572 2958 δύο
586 2893 640 2958 νέα
654 2893 804 2985 τάγματα
817 2884 1024 2973 κατελέξατο,
1037 2889 1089 2956 καὶ
1104 2886 1186 2958 ἄλλα
1200 2891 1276 2986 τρία
1288 2896 1362 2989 πρὸς

282 3008 324 3092 τῇ
341 2987 481 3088 Ᾰκοληίᾳ
505 2989 778 3091 παραχειμάζοντι
797 3002 832 3064 ἐκ
852 3006 914 3064 τῶν
941 2987 1108 3090 χειμαδίων
1134 2991 1291 3094 ἐξάγαγε,
1313 3001 1361 3067 καὶ

283 3113 388 3170 ταῦτα
411 3105 502 3170 πέντε
521 3105 614 3195 ἔχων,
632 3099 653 3196 ἦ
668 3095 721 3170 διὰ
736 3112 799 3170 τῶν
817 3093 948 3171 Ᾱλπέων
965 3103 1004 3180 εἰς
1020 3105 1076 3176 τὴν
1091 3105 1185 3197 πέραν
1202 3107 1362 3174 Γαλατίαν

281 3205 318 3281 ἦν
331 3211 556 3302 συντομωτάτη
581 3200 673 3294 ὁδὸς,
687 3213 789 3305 ταύτῃ
806 3211 977 3304 ἐπορεύετο.
997 3194 1144 3276 Ενταῶθα
1163 3202 1199 3276 δὲ
1224 3215 1300 3291 τούς
1327 3239 1359 3280 τε

280 3315 365 3383 Κεντ
384 3319 455 3393 όνας
469 3314 520 3383 καὶ
536 3315 607 3395 τοὺς
627 3319 831 3411 Γαροκέλους,
845 3319 917 3394 τούς
932 3342 967 3382 τε
985 3317 1206 3412 Κατούρυχας,
1219 3315 1263 3384 τὰ
1280 3317 1358 3414 άκρα

280 3431 342 3488 τῶν
355 3344 484 3489 ιθλπέων
498 3424 733 3514 κατασχόντας,
744 3423 797 3490 καὶ
811 3433 868 3500 τῆς
880 3413 955 3491 ὁδοῦ
966 3422 1022 3488 τὸν
1034 3424 1149 3516 ςρατθν
1164 3424 1359 3492 άποκωλύον·

279 3554 337 3606 τας
351 3528 484 3596 ἐντεῦθεν
502 3529 701 3621 ἀπωσάμενος
720 3535 737 3595 ὁ
756 3531 899 3623 Καῖσαρ,
917 3529 978 3595 άπὸ
994 3537 1051 3606 τῆς
1066 3513 1207 3614 ὒκεδου,
1223 3533 1357 3623 ἐσχάτης

278 3645 334 3712 τῆς
358 3636 408 3702 ἐπὶ
428 3634 543 3727 θάτερα
562 3643 624 3702 τῶν
641 3624 771 3702 Ᾱλπέων
796 3633 953 3712 Γαλατίας
971 3635 1092 3713 πόλεως
1111 3636 1223 3719 οὔσης,
1238 3637 1280 3714 εἰς
1301 3641 1355 3712 τήν

276 3751 339 3809 τῶν
360 3741 530 3809 Βσκοντίων
554 3744 656 3834 χώραν
680 3744 710 3808 ἐν
728 3753 768 3835 τῇ
783 3742 878 3836 πέραν
898 3739 1031 3835 ἐπαρχίᾳ
1054 3737 1168 3825 οὖσαν,
1188 3734 1354 3836 ἑβδομαῖος

277 3847 415 3939 ἄφίκετο·
436 3847 569 3914 ἐντεῦθεν
590 3839 620 3913 δ’
639 3845 679 3925 εἰς
693 3849 761 3925 Ιτην
784 3837 990 3943 Ᾰλλούρόγων
1009 3850 1130 3941 χώραν,
1150 3849 1287 3916 κάκεῑθεν
1316 3850 1355 3928 εἰς

276 3956 335 4028 τὴν
357 3962 419 4021 τῶν
434 3955 640 4021 Σεκουσιανῶν
654 3950 709 4050 ἧχι
725 3956 781 4022 τὸν
793 3955 921 4048 ςρατόν.

328 4061 390 4128 ΧΙ.
408 4061 449 4126 Οἱ
467 4052 502 4126 δὲ
521 4047 672 4136 Εκόητιοι
690 4051 753 4136 ἤδη
777 4053 831 4128 διὰ
849 4070 910 4128 τῶν
935 4070 992 4138 τῆς
1013 4062 1177 4138 Σεκανικῆς
1198 4069 1295 4137 ςενῶν
1313 4061 1352 4139 εἰς

275 4167 331 4240 τὴν
355 4175 417 4233 τῶν
440 4153 581 4235 Εδοοέων
603 4170 706 4264 χώραν
728 4168 783 4236 τὸν
807 4168 923 4262 ςρατθν
946 4158 1235 4263 διαποριυσάμενοι,
1257 4170 1351 4242 αὐτὴν
1415 4166 1418 4172 ’
