3000 5025
271 491 346 579 534
389 493 392 497 ’
562 497 600 562 C.
628 495 775 562 JUL11
804 492 1047 562 CAESARIS

267 631 397 704 τούτους
411 637 467 704 τῆς
480 631 563 718 ὑμῶν
579 621 717 705 ἀεηθείας
731 633 862 719 ςερεῖτε,
878 620 906 692 οἳ
920 635 975 702 τῆς
989 631 1072 717 ὑμῶν
1091 623 1242 717 σωτηρίας
1256 628 1337 692 ἕνεκα

268 745 326 800 τοῦ
343 743 425 824 σφῶν
442 725 582 801 κινδύνου
604 734 770 824 ημίλησαν·
789 735 867 824 μήτε
884 739 924 826 τῇ
942 735 1025 822 ὑμῶν
1048 732 1200 824 ἀφροσύνῃ
1220 755 1272 813 τε,
1292 730 1339 798 καὶ

269 840 376 924 ἀνοίᾳ,
397 838 415 913 ἢ
438 839 533 932 θυμοῦ
554 838 692 929 ἀσθενείᾳ
712 843 815 906 πᾶσαν
835 841 891 911 τὴν
912 837 1069 906 Γαλατίαν
1093 829 1205 915 ἄδοξόν
1224 862 1280 919 τε,
1294 835 1341 904 καὶ

269 948 298 1010 ἐν
320 939 526 1034 ἀδιαλείπτῳ,
541 938 666 1034 δουλείᾳ
683 945 896 1013 καταλείπετε.
916 923 947 1010 H
966 946 1016 1010 ὅτι
1039 945 1069 1009 ἐν
1089 953 1128 1037 τῇ
1148 950 1227 1036 ῥητῇ
1247 943 1343 1035 ἡμέρας

268 1056 325 1119 οὐκ
344 1051 449 1136 ἦλθον,
463 1053 531 1146 περὶ
546 1063 601 1130 τῆς
618 1051 736 1118 ἐκείνων
758 1051 871 1128 πίςιύς
885 1075 935 1132 τε,
950 1050 1002 1118 καὶ
1018 1051 1213 1142 σωφροσύνης
1228 1049 1342 1142 ἀμφισ·

269 1152 412 1242 ἀητεῖτες
428 1159 509 1237 τίνος
530 1157 589 1254 γάρ
610 1162 696 1226 ἕνεκα
710 1159 783 1235 τοὺς
803 1142 963 1248 Ῥωμαίους
976 1156 1049 1249 ,περὶ
1067 1153 1124 1234 τάς
1142 1149 1249 1234 ἔξωθεν
1272 1159 1343 1246 ὀχυ-

271 1268 372 1358 ρώσεις
391 1265 458 1333 καθ’
473 1266 586 1342 ἐκοίςην
609 1266 686 1356 ἔχειν
705 1255 895 1356 νυμίζετεςῆ
916 1261 1059 1354 τέρψεως,
1073 1270 1155 1354 σφῶν
1184 1265 1291 1345 ἐνεκας
1308 1261 1344 1326 Εἰ

267 1369 322 1462 μὲν
351 1368 402 1439 οὖν
431 1380 498 1450 ταῖς
523 1370 640 1438 ἐκείνων
681 1372 689 1394 ’
730 1369 823 1448 ελίαις
852 1373 886 1462 οὐ
913 1361 1041 1436 δύνασθε
1068 1369 1136 1462 περὶ
1163 1377 1219 1446 τῆς
1246 1372 1344 1434 αὐτῶν

268 1472 397 1568 ἀφίξεως
425 1480 598 1572 γινώσκειν,
616 1396 855 1567 τῶναγθωμαίων
879 1475 981 1554 παίσας
1010 1472 1067 1553 τὰς
1093 1467 1183 1552 ὁδοὺς
1203 1501 1346 1567 παρατη-

269 1585 416 1675 ρούντων,
431 1592 495 1662 τοῖς
513 1594 585 1677 γοῦν
602 1569 755 1674 Ῥωμαίοις
770 1582 921 1675 μοίρτυρσι
934 1581 1056 1675 χρῆσθε·
1072 1578 1099 1649 οἳ
1113 1583 1229 1675 ἡμέρας
1243 1607 1280 1648 τε
1296 1583 1346 1648 καὶ

269 1691 400 1772 νύκτας,
419 1699 459 1782 τῇ
484 1689 601 1757 ἐκείνων
621 1692 737 1782 ἐφορμῇ
757 1683 984 1780 πεφούημένοι,
999 1690 1161 1780 ὀχυρώσας
1188 1699 1346 1764 ποιοῦντες

271 1786 458 1863 διατελοῦσι.
475 1801 643 1891 Τοιγαροῦν
658 1798 719 1889 ἐγὼ
734 1788 932 1888 συμύυυλεύω
952 1800 1046 1863 ποιεῖν
1061 1789 1103 1877 (ὃ
1121 1794 1150 1861 οἱ
1167 1801 1255 1886 ἡμῶν
1271 1795 1347 1888 πρύ-

269 1928 353 1996 γονυι
367 1902 416 1970 ἐπὶ
436 1913 491 1970 τοῦ
506 1911 569 1969 τῶν
583 1928 617 1969 τε
632 1907 813 1982 Τουτυνῶν,
827 1900 879 1968 καὶ
898 1909 961 1968 τῶν
980 1894 1128 1994 Κίμύρων
1150 1903 1305 1992 πολέμου,
1318 1891 1360 1966 ἐνΙ

269 1999 370 2076 οὐδενὶ
385 2022 431 2099 τῷ
449 2019 499 2076 νῦν
520 2011 647 2102 πολέμῳ
665 2009 789 2099 ὁμοίου,
802 2005 958 2082 ἐποίησαν·
974 2005 1060 2075 οὗτοι
1076 2007 1129 2098 μὲν
1152 2005 1211 2102 γὰρ
1234 2006 1348 2086 εἰςτὰς

268 2116 371 2192 πολεις
392 2110 600 2198 ἐξελαθέντες,
615 2117 715 2207 ταύτῃ
735 2139 770 2181 τε
795 2123 835 2208 τῇ
856 2124 906 2180 νῦν
926 2106 1041 2202 ἐνδείᾳ,
1062 2119 1102 2191 ὡς
1122 2120 1225 2207 ἡμεῖς,
1246 2107 1349 2192 πιεζύ·

269 2246 375 2311 μενοι,
389 2229 453 2298 τοῖς
478 2231 538 2286 τῶν
559 2212 613 2287 διὰ
637 2224 694 2294 τὴν
716 2218 836 2294 ἠλικίαν
860 2221 935 2313 πρὸς
965 2221 1018 2287 τὸν
1043 2220 1177 2312 πόλεμον
1202 2220 1347 2313 ἀχρύςων

269 2329 406 2418 σώμασιν
427 2326 620 2419 ἐτρύφησαν,
638 2329 765 2404 ἐαυτούς
784 2352 818 2394 τε
840 2333 904 2404 τοῖς
919 2323 1075 2418 πολεμίους
1095 2329 1129 2391 οὐ
1151 2318 1348 2419 παρέδωκαν·

269 2430 304 2498 οὗ
324 2433 510 2528 πράγματος
534 2433 616 2527 εἴπερ
642 2433 694 2501 καὶ
719 2424 918 2528 παράδειγμα
942 2437 997 2500 οὐκ
1024 2433 1160 2526 ἔχοιμεν,
1183 2435 1266 2525 ὅμως
1293 2444 1348 2513 τῆς

268 2540 434 2633 ἐλευθερίας
451 2545 538 2607 ἕνεκα
557 2549 651 2608 τοῦτο
665 2548 776 2623 ποιεῖν,
796 2540 847 2607 καὶ
863 2542 941 2632 πρὸς
963 2542 1087 2617 τούτοις
1111 2548 1175 2617 τοῖς
1195 2542 1348 2633 ἐσομένοις

269 2638 462 2738 παραδοῦναι
481 2648 627 2725 κάλλιςυν
653 2640 814 2742 νομίζοιμι·
838 2646 872 2713 τί
897 2644 956 2741 γὰρ
978 2649 1082 2738 ὅμοιον
1104 2648 1210 2745 τούτῳ
1231 2655 1279 2734 τῷ
1297 2658 1348 2714 νῦν

269 2755 395 2845 πολέμῳ
410 2756 546 2848 ἐγένετυς
561 2753 589 2819 οἱ
603 2753 656 2845 μὲν
671 2750 729 2846 γὰρ
744 2747 879 2844 Κίμύροι
893 2755 949 2827 τὴν
965 2751 1121 2819 Γαλατίαν
1137 2754 1260 2820 ἅπασαν
1275 2780 1350 2848 πορ-

270 2855 435 2940 θήσαντες,
449 2860 551 2927 πολλοί
565 2885 599 2926 τε
621 2857 812 2948 βλάψαντες,
826 2862 908 2951 ὅμως
925 2860 960 2926 ἐκ
974 2868 1030 2936 τῆς
1042 2865 1128 2952 ἡμῶν
1142 2862 1245 2952 χώρας
1260 2862 1348 2939 τελυς

269 2957 409 3048 ἐξῆλθον,
429 2965 468 3043 είς
489 2962 585 3039 ἀλλην
607 2990 643 3031 τε
663 2965 817 3047 ἀπῆλθον,
831 2971 902 3057 ἡμῖν
924 2968 995 3043 τούς
1013 2990 1049 3031 τε
1069 2966 1197 3059 νόμους,
1219 2967 1271 3033 καὶ
1291 2970 1348 3042 πλν

268 3073 387 3161 χώραν,
403 3075 484 3164 ἡμεῖς
504 3074 533 3137 τ’
549 3072 659 3150 αὐτοὺς
679 3071 848 3163 ἐλευθέρους
869 3072 1104 3150 καταλιπόντες·
1120 3071 1148 3138 υἱ
1161 3063 1196 3138 δέ
1210 3056 1348 3166 Ρωμαῖοι

270 3173 304 3241 τί
321 3172 397 3245 ἄλλο
418 3171 576 3261 ζητοῦσιν,
590 3176 608 3251 ἢ
628 3178 795 3261 ἐθέλουσιν,
813 3177 831 3252 ἢ
852 3176 902 3255 οὒς
917 3188 957 3271 τῇ
971 3176 1095 3245 πάντων
1109 3181 1196 3273 φύμιρ
1211 3206 1348 3274 γενναιο·

268 3280 384 3361 τρίτους
407 3309 458 3367 τε,
473 3284 525 3351 καὶ
539 3288 568 3350 ἐν
587 3288 713 3376 πολέμῳ
728 3284 893 3377 κρατίςους
912 3286 1060 3379 ἔγνωσαν,
1074 3286 1193 3352 τούτων
1208 3287 1238 3353 ἔν
1258 3312 1293 3353 τε
1308 3297 1348 3379 τῇ

269 3390 371 3482 χώρᾳ,
386 3389 489 3487 καὶέν
513 3398 581 3468 ταῖς
598 3391 706 3477 πόλεσι
725 3393 925 3483 καταμένειν,
948 3394 1051 3468 αὐτοῖς
1072 3394 1102 3457 τ’
1116 3393 1238 3470 ἐκείναις
1255 3385 1348 3459 ἀδιοί·

267 3500 393 3562 λειπτον
415 3489 554 3563 δουλείαν
576 3497 772 3577 ἐπιτάττειν;
786 3492 886 3574 ἄλλως
907 3496 965 3592 γὰρ
989 3501 1023 3564 οὐ
1040 3500 1169 3579 πώποτε
1192 3501 1346 3590 ἐπολέμη-

271 3625 338 3667 σαν·
361 3600 441 3694 εἶπερ
464 3603 517 3695 μὲν
538 3599 614 3697 γάρ,
634 3606 707 3693 ἔφη,
729 3600 750 3669 ἀ
769 3610 832 3681 τοῖς
859 3606 1042 3698 πορρωτέρω
1070 3603 1164 3671 ἔθνεσι
1190 3615 1345 3688 ποιοῦσιν,

268 3705 423 3800 ἀγνοεῖτε,
449 3717 628 3776 κατανοεῖτε
659 3712 715 3783 τὴν
743 3708 871 3783 πλησίον
903 3709 1068 3777 Γαλατίαν·
1092 3713 1188 3784 αὐτὴν
1214 3708 1344 3805 μὲνγὰρ

268 3812 308 3891 εἰς
325 3815 473 3908 ἐπαρχίαν
489 3818 739 3898 καταςτίσαντες,
754 3819 826 3894 τούς
844 3842 878 3883 τε
892 3816 1163 3909 ,αύτονύμους,καὶ
1174 3816 1344 3910 ἐλευθέρους

266 3915 342 3985 εἶναι
364 3923 501 4011 ἀφεῖλον·
531 3926 612 3997 αὕτη
642 3947 678 3988 τε
705 3933 745 4017 τῇ
772 3917 857 4015 ἀξίνη
885 3923 1111 4016 ὑποταχθιῒσα,
1130 3924 1344 4007 ἀεαταλιίπτῳ

265 4012 404 4105 πιέζεται
424 4021 557 4119 δουλείᾳ.

317 4134 508 4209 LXXVIII.
524 4123 650 4215 Εκιίςου
676 4137 730 4229 μὲν
750 4131 801 4202 οὖν
822 4137 876 4209 τὴν
900 4142 1013 4207 ἑαυτοῦ
1039 4140 1162 4231 γνώμην
1184 4136 1342 4217 εἰπόντος,
