3000 5025
232 493 539 562 INTERPRES
567 495 803 564 GRAECUS.
831 495 931 564 LIB.
960 496 1046 563 VII.
1105 489 1177 588 507

111 626 185 701 ὅπως
207 625 249 715 μὴ
270 622 395 718 ἄρχειν,
417 627 486 694 ἀλλ’
504 619 576 694 οὐδὲ
598 630 628 694 ἐν
648 637 688 720 τῇ
707 621 804 720 ῦουλῇ
820 634 959 720 παρεῖναι
977 627 1198 721 ἀπαγορεῦον»

110 725 183 813 τος)
204 728 292 824 παρὰ
316 733 354 799 τὸ
384 725 453 799 δέον
479 735 538 802 ὑπὸ
565 743 622 802 τοῦ
650 726 788 824 ἀδελφοῦ
817 739 834 801 ό
862 735 966 813 Κότυς
994 729 1097 827 άρχων
1122 743 1179 811 τῆς

109 836 219 914 πόλεως
245 829 435 930 ἀπεδείχθη,
460 841 674 932 μεμφομένοις,
694 841 827 918 οἰκούσας
855 850 959 908 ταῦτα
985 845 1001 906 ὁ
1030 844 1179 932 Καῖσαρ,

108 943 156 1008 τὸν
175 944 228 1035 μὲν
247 945 353 1014 Κύτον
371 949 428 1020 τήν
451 947 547 1040 ἀρχὴν
569 946 755 1014 καταθέσθαι
778 945 941 1042 ἠνάγκασε·
959 947 1013 1013 τὸν
1033 938 1068 1013 δέ
1089 948 1180 1038 Κομ-

110 1041 307 1118 όικτολίτανα
342 1054 401 1120 ὑπὸ
435 1062 495 1121 τῶν
519 1054 635 1147 ἱερέων,
658 1054 820 1147 παρόντων
843 1064 905 1121 τῶν
933 1053 1116 1146 ἀρχόντων,
1139 1057 1180 1132 ὡς

109 1153 186 1243 σφίσι
199 1158 336 1249 τρόπος,
352 1153 480 1226 ύασιλέα
493 1153 736 1253 ἀποδειχθέντα,
750 1163 808 1234 τὴν
823 1162 919 1253 ἀρχὴν
934 1162 1012 1251 ἔχειν
1030 1161 1178 1227 ἐκελευσε.

156 1264 320 1335 XXXIV.
338 1267 449 1333 Ταῦτα
469 1257 499 1332 δ’
519 1269 602 1356 οὕτω
621 1264 848 1359 ψηφισάμενος,
873 1274 939 1344 τοῖς
962 1266 989 1332 θ’
1009 1252 1184 1348 Εδουεῦσι,

108 1366 226 1437 πάντων
245 1382 309 1439 τῶν
331 1380 414 1464 σφῶν
436 1365 590 1466 διαφόρων
609 1372 825 1458 ἐπιλαθέσθαι,
846 1372 899 1440 καὶ
925 1371 1031 1441 πάντα
1054 1374 1084 1439 τ’
1099 1369 1181 1440 ἄλλα

107 1478 357 1565 παραλιπόντας,
375 1484 476 1566 ἑαυτῷ
495 1477 579 1548 κατὰ
594 1490 651 1548 τοῦ
666 1481 940 1575 Βερκιγγετόρυγος
959 1473 1183 1573 Ευμπολεμεῖν,

107 1586 303 1673 παραινέσας,
331 1586 383 1653 καὶ
409 1589 440 1652 ’τ’
464 1585 586 1680 ἀγαθὰ,
613 1585 654 1653 ὧν
677 1584 755 1660 ἦσαν
784 1581 885 1670 άξιοι,
912 1584 993 1678 μετὰ
1026 1589 1084 1660 τὴν
1117 1593 1179 1652 τῶν

108 1685 228 1756 Γέλλιον
257 1687 474 1778 ἦτταν,,έξειν
502 1695 612 1773 αὐτοὺς
637 1695 864 1786 ὑποσχόμενος,
887 1698 990 1760 πᾶσαν
1013 1695 1070 1767 τὴν
1095 1699 1179 1782 σφῶν

106 1793 211 1880 ἵππον,
233 1798 287 1866 καὶ
320 1797 442 1892 μυρίους
467 1795 577 1879 πεζοὺς
597 1799 637 1878 εἰς
660 1801 717 1873 τὴν
741 1805 837 1867 αὑτοῦ
865 1794 1005 1874 ύοιίθειαν
1029 1800 1182 1891 πέμπειν,

106 1899 151 1966 ἵνα
171 1907 295 1983 τούτοις
316 1908 393 1998 πρὸς
412 1904 456 1973 τὰ
479 1909 607 2000 φρούρια
628 1896 756 1974 δύναιτο
770 1906 920 1999 χρῆσθαι,
938 1905 1061 1984 ἐκείνοις
1086 1931 1181 1997 παρε-

109 2003 281 2079 κελεύσατοί
298 2015 410 2080 Ταῦτα
422 2004 457 2078 δὲ
472 2008 765 2108 καταπραξάμενος,
778 2015 836 2086 τὴν
852 2018 948 2080 αὑτοῦ
957 2009 1089 2106 ςρατιὰν
1108 2004 1183 2104 διχῇ

108 2113 281 2191 ἐποιήσατο·
298 2119 350 2186 καὶ
372 2122 506 2212 τέσσαρα
525 2121 579 2213 μὲν
597 2119 749 2214 τάγματα
762 2120 802 2198 εἰς
821 2122 878 2194 τὴν
900 2127 962 2186 τῶν
981 2119 1114 2186 Σενόνων
1128 2144 1183 2201 τε,
1222 2180 1224 2183 ,

107 2220 154 2286 καὶ
166 2232 228 2289 τῶν
252 2225 410 2319 Παρισίων
432 2229 534 2319 χώραν
556 2236 603 2314 τῶ
623 2221 772 2314 Λαύιηνῷ
794 2217 906 2294 ἔδωκεν
928 2224 1022 2321 άγειν·
1038 2225 1131 2304 αὐτὸς
1146 2215 1182 2290 δὲ

107 2326 157 2393 σὺν
175 2335 240 2409 τοῖς
256 2339 377 2410 λοιποῖς
393 2327 427 2411 ἐξ
442 2331 526 2400 κατὰ
543 2335 597 2401 τὸν
612 2313 754 2426 Ϊίλαόρον
769 2331 912 2425 ποταμόν
927 2332 978 2401 ἐπὶ
992 2334 1049 2406 τὴν
1069 2335 1183 2426 Γεργο·

109 2425 189 2519 όίαν,
204 2439 294 2506 πόλιν
319 2447 380 2506 τῶν
406 2429 706 2533 Ᾰρόέρνων,ἥλασε.
730 2443 795 2507 Τοῦ
815 2429 851 2506 δὲ
874 2440 1002 2507 ἱππικοῦ
1021 2440 1110 2533 μέρος
1127 2439 1180 2531 μὲν

107 2547 149 2626 τῷ
166 2540 315 2632 Λαόιηνῶ
335 2540 506 2640 παρέδωκε·
531 2549 620 2641 μέρος
641 2537 677 2613 δὲ
695 2549 769 2638 παρ’
784 2551 887 2633 ἐαυτῷ
905 2549 1063 2613 κατελιπε.
1078 2548 1182 2613 Τοῦτο

109 2636 140 2713 δὲ
158 2650 261 2741 μαθὼν
287 2658 303 2719 ὁ
325 2648 584 2749 Βερκιγγέτορυξ,
604 2652 705 2730 πάσας
732 2650 790 2731 τὰς
815 2663 872 2719 τοῦ
895 2662 1041 2744 ποταμοῦ
1068 2653 1181 2718 τούτου

108 2758 233 2850 γεφύρας
249 2750 414 2845 διαλύσας,
430 2765 464 2829 ἐκ
482 2771 538 2829 τοῦ
552 2762 691 2827 ἐπέκεινα
704 2769 849 2856 ποταμοῦ
868 2760 1040 2851 ἐπορεύετο.

157 2866 304 2935 XXXV.
323 2870 393 2933 Τῶν
414 2860 449 2935 δὲ
469 2858 524 2935 δύο
546 2873 670 2959 ςρατῶν
687 2866 832 2943 άλλιίλοις
856 2877 1041 2956 καταφανῶν
1067 2864 1183 2945 ὄντων,

108 2966 156 3034 καὶ
182 2972 389 3066 κατάντικρυς
413 2965 524 3067 σχεδὸν
545 2974 690 3049 ἀλληλοις
721 2965 1108 3065 ςρατοπεδευσαμένων,ό
1130 2970 1183 3062 μὲν

108 3074 344 3174 Βερκιγγέτορυξ
367 3082 500 3159 σκοποὺς
528 3080 707 3171 πανταχόσε
735 3071 1006 3175 διαπεμπόμενος,
1027 3082 1110 3156 ὅπως
1139 3079 1184 3168 μά

108 3204 165 3248 που
181 3186 210 3252 οἱ
231 3173 371 3279 Ρωμαῖοι
389 3181 534 3277 δύναιντο
557 3178 745 3269 διαύαίνειν,
759 3186 888 3280 ἰσχυρῶς
903 3188 1089 3278 ἐπεμελεῖτο·
1105 3189 1121 3251 ὁ
1147 3173 1184 3249 δέ

109 3288 227 3385 Καῖσαρ
238 3296 280 3387 μὴ
291 3296 329 3361 τὸ
338 3300 464 3372 πλεῖςυν
479 3303 535 3363 τοῦ
545 3293 647 3386 θέρους
657 3302 704 3379 τῷ
717 3302 852 3386 ποταμῷ
866 3294 1016 3360 κωλύοιτο
1033 3279 1182 3377 δεδιῶςίὸ

111 3396 236 3495 μὲνγὰρ
256 3380 378 3494 άλαύερ
389 3403 530 3494 ποταμὸς
539 3405 573 3469 ού
586 3398 717 3493 πρόσθεν
727 3411 786 3469 τοῦ
795 3400 985 3492 φθινοπώρου
1004 3392 1182 3481 πεζεύεται)

111 3500 138 3565 ἐν
156 3507 274 3601 μεγάλῃ
292 3505 445 3586 καθίςατο
465 3506 589 3601 άπορίορ.
602 3511 771 3601 Τοιγαροῦν
792 3508 897 3593 τούτῳ
912 3512 1048 3598 προνοεῖν
1073 3500 1184 3572 ῦουλό·

104 3628 213 3695 μενος,
227 3616 256 3679 ἐν
278 3603 434 3708 δρυμῶδει
448 3615 538 3700 τόπῳ
559 3614 630 3681 κατ’
652 3612 788 3681 ἐναντίον
807 3619 879 3705 μιᾶς
901 3620 963 3679 τῶν
985 3605 1182 3679 διαλυθεισῶν

110 3714 167 3783 ὑπὸ
181 3728 238 3787 τοῦ
253 3721 528 3816 Βερκιγγετόρυγος
541 3721 673 3815 γεφύρας
687 3713 1033 3812 ςρατοπεδευσοίμενος,
1052 3729 1092 3813 τῇ
1111 3722 1183 3793 ῦςε-

112 3820 179 3912 ραίορ
202 3829 295 3905 αὐτὸς
319 3829 372 3919 μὲν
397 3826 477 3921 μετὰ
499 3820 556 3895 δύο
575 3814 747 3921 ταγμάτων
768 3830 798 3893 ἐν
818 3819 927 3921 οἱδγλῳ
945 3820 1067 3919 ἐκρύύη·
1090 3825 1128 3891 τὸ
1148 3815 1184 3888 δὲ

111 3920 186 3996 ἄλλο
204 3932 366 4027 ςροίτευμα
389 3934 471 4029 μετὰ
490 3933 615 4002 πάντων
639 3940 701 4000 τῶν
722 3938 933 4027 σκευοφόρων,
948 3928 1033 4010 τινὰς
1058 3928 1182 4021 σπείρας

110 4041 271 4131 κατασχὼν
291 4044 414 4128 αὐτῶν,
430 4042 480 4107 ἵνα
499 4046 532 4122 ὁ,
551 4038 591 4107 ὧν
611 4035 693 4212 εἶχε,
717 4032 772 4107 δύο
790 4039 961 4134 ταγμάτων
983 4038 1109 4132 άριθμὸς
1131 4038 1185 4130 γέ-

955 4151 980 4171 Η

110 4160 191 4209 νοιτο
224 4149 362 4240 πλήρης,
379 4145 601 4241 ἀπεπέμψατο.
657 4144 763 4225 κείνοις
787 4138 817 4212 δ’
838 4151 887 4214 ότι
907 4146 1102 4239 πορρωτάτω
1125 4135 1183 4209 δύ·
