3000 5025
313 499 385 573 116
425 490 428 495 ⁸
521 501 548 569 J.
578 500 734 568 CELSI
763 496 1161 567 COMMENTARII

306 634 515 729 dignissimus
537 632 726 700 haberetur.
746 632 821 699 Jarn
840 655 908 697 non
925 622 1095 707 Arvernile
1111 654 1169 697 rex
1189 625 1308 721 igitur,
1323 628 1383 701 sed

253 735 258 753 ¹
307 740 443 826 Galliae,
467 754 649 832 contraque
672 740 844 807 Romanos
869 734 947 804 belli
968 736 1038 804 dux
1064 750 1149 824 erat,
1170 759 1278 829 neque
1299 761 1381 805 oon·

306 846 400 935 sulit,
422 861 460 915 ut
478 845 622 933 solebat,
645 844 702 913 sed
724 844 875 931 obsides,
895 842 952 911 sed
970 866 1078 929 arma,
1097 842 1155 911 sed
1176 840 1380 912 milites-im·

304 968 418 1048 perat,
436 969 469 1022 et
483 967 638 1047 paretur,
656 952 899 1045 imperiumque
918 952 1028 1043 ipsum
1041 950 1215 1018 severitate
1233 948 1382 1019 terribile

305 1060 416 1129 efficit.
441 1060 613 1129 Gravioris
639 1083 734 1127 noxae
767 1082 842 1127 reos
876 1055 1017 1125 flammis
1049 1058 1176 1143 exurit,
1206 1059 1382 1125 tormentis

221 1223 224 1229 ,
305 1168 473 1235 excruciat
492 1192 499 1233 ε
524 1165 649 1259 leviora
671 1189 769 1233 ausos
785 1164 897 1233 effosis
913 1162 1018 1231 oculis
1035 1177 1094 1231 aut
1113 1162 1250 1231 auribus
1271 1187 1381 1231 resec·

304 1273 344 1341 tis
366 1274 442 1341 vitae
461 1271 617 1366 relinquit
637 1270 680 1339 ad
700 1269 881 1340 ludibrium
899 1285 933 1339 et
950 1269 1148 1365 exemplum.
1168 1270 1243 1337 Jam
1261 1284 1383 1363 potens

304 1394 403 1473 atque
422 1378 628 1465 horrendus,
645 1392 679 1446 et
697 1392 817 1471 natura
832 1378 945 1463 ferox,
967 1391 1000 1444 et
1022 1377 1113 1471 regio
1132 1376 1279 1444 tumidus
1296 1375 1385 1445 fasti·

306 1488 378 1580 gio,
399 1488 557 1555 Lucterio
578 1484 733 1553 Cadurco
752 1483 971 1553 audacissimo
990 1484 1063 1551 viro
1082 1508 1160 1551 cum
1179 1496 1275 1577 parte
1293 1508 1386 1551 exer

302 1594 387 1661 citus
410 1594 444 1659 in
466 1592 584 1660 urbem
606 1591 843 1659 Ruthenorum
870 1592 986 1677 misso,
1005 1591 1089 1684 petit
1113 1592 1183 1684 ipse
1205 1591 1382 1684 Bituriges.

302 1697 370 1786 Illi,
383 1698 529 1768 adventu
542 1699 652 1767 subito
666 1700 827 1791 permoti,
839 1698 882 1765 ab
891 1698 1007 1765 amicis
1018 1699 1249 1765 Romanorum
1265 1696 1384 1766 AEduis

303 1802 461 1877 auxilium
474 1831 534 1900 per
546 1804 673 1900 legatos
689 1818 816 1900 petunt.
834 1804 933 1872 AEdui
949 1829 1021 1872 rem
1038 1803 1080 1871 ad
1097 1801 1223 1898 legatos
1241 1805 1384 1873 Caesaris
1425 1824 1427 1828 ·

303 1913 474 2003 rejiciunt,
494 1935 677 2005 eorumque
706 1910 862 1997 consilio,
888 1912 1038 2003 equitum
1066 1908 1128 1978 illis
1164 1924 1198 1978 et
1228 1909 1383 2003 peditum

302 2016 450 2111 dirigunt
465 2016 604 2101 auxilia3
619 2018 673 2110 qui
681 2041 785 2110 quum
792 2015 835 2083 ad
844 2018 990 2110 Ligerim
1001 2017 1185 2085 amicorum
1195 2013 1383 2086 AEduorum

302 2137 383 2192 tunc
405 2138 439 2192 et
460 2125 647 2217 Biturigum
669 2124 801 2218 imperii
824 2121 962 2190 limitem
985 2124 1233 2218 pervenissent,
1254 2122 1385 2217 aliquot

301 2229 348 2297 ibi
370 2229 499 2298 dierum
520 2254 616 2297 mora
637 2244 771 2316 exacta,
793 2228 981 2316 redierunt3
999 2229 1087 2297 hanc
1102 2254 1237 2299 causam
1255 2230 1384 2301 reditus

302 2335 561 2430 praetendentes,
580 2338 739 2429 quoniam
761 2338 787 2404 si
808 2336 1021 2423 transissent,
1039 2336 1118 2405 hinc
1137 2337 1180 2403 ab
1202 2338 1384 2425 ArverniS,

302 2441 381 2510 hinc
404 2442 647 2536 aiBiturigibus
671 2440 881 2536 opprimendi
902 2456 1038 2509 essent:
1059 2442 1093 2510 id
1110 2444 1199 2511 enim
1217 2444 1384 2516 ambabus

303 2549 457 2642 gentibus
480 2548 579 2618 fuisse
602 2550 821 2642 propositum.
841 2548 894 2615 An
916 2549 950 2617 id
968 2573 1047 2617 sane
1069 2548 1127 2617 tali
1147 2565 1239 2618 metu
1257 2554 1383 2644 egerit,

303 2679 346 2722 an
365 2655 499 2743 fraude,
517 2680 560 2723 ne
578 2655 687 2724 dicam
703 2655 823 2743 hodie,
841 2654 899 2724 sed
918 2670 989 2724 turn
1003 2680 1136 2749 quoque
1154 2656 1293 2725 dubium
1307 2657 1382 2728 fuit.

302 2764 429 2831 Tamen
447 2761 526 2830 hino
546 2761 732 2830 AEduorum
752 2775 867 2830 secuta
888 2761 1049 2846 defectio;
1069 2762 1148 2861 hinc
1163 2763 1253 2856 quod
1267 2765 1383 2834 statim

303 2870 443 2937 reversis
462 2867 589 2937 auxiliis
609 2868 813 2956 AEduorum,
836 2894 871 2937 se
892 2870 1050 2936 Arvernis
1075 2869 1239 2963 Bituriges
1261 2869 1382 2962 adjun-

303 2998 399 3063 xere,
416 2999 489 3042 rem
508 2989 696 3069 suspectam
719 2975 853 3044 faciunt.
878 2978 990 3044 Caesar
1007 2975 1073 3043 hoc
1091 2975 1247 3064 audiens,
1265 2990 1301 3045 et
1323 3003 1382 3047 ur·

304 3081 398 3148 banis
415 3080 560 3149 motibus
581 3083 731 3176 Pompeii
754 3083 872 3174 Magni
891 3083 1013 3149 virtute
1036 3083 1244 3176 compositis,
1259 3107 1382 3154 nonse

303 3201 384 3256 tunc
402 3185 542 3282 amplius
564 3186 668 3256 Italiae
689 3188 911 3256 necessarium
934 3201 1040 3276 ratus,
1061 3189 1095 3255 in
1116 3186 1259 3257 Galliam
1283 3190 1381 3260 redit.

249 3316 251 3318 ·
303 3296 426 3389 Ingens
448 3292 541 3361 illurn
561 3294 736 3362 exercebat
759 3317 859 3382 cura,
877 3292 1019 3388 qualiter
1037 3296 1104 3364 suis
1121 3320 1194 3378 ¹sese
1210 3295 1380 3390 jungeret

303 3401 392 3468 Nam
416 3401 483 3468 sive
501 3400 555 3468 ille
578 3401 744 3501 proficisci
762 3400 805 3468 ad
826 3398 899 3469 illos
918 3399 1032 3489 vellet,
1052 3426 1121 3469 non
1143 3416 1195 3471 sat
1215 3415 1289 3470 tuto
1306 3403 1382 3472 fieri

289 3531 400 3600 ¹posse
412 3507 596 3600 cogitabat,
611 3522 649 3575 ut
667 3509 703 3574 in
717 3520 811 3575 tanta
822 3505 1001 3575 rebellione
1019 3510 1193 3604 regionum
1210 3510 1382 3600 omnium,

303 3613 390 3681 inter
412 3638 469 3682 eos
491 3615 591 3682 etiarn
607 3615 663 3706 qui
682 3614 780 3679 amici
798 3614 1038 3704 credebantur,
1060 3639 1137 3683 cum
1152 3616 1266 3709 paucis
1285 3639 1382 3686 secu·

303 3721 371 3788 rius
393 3720 579 3807 incederet,
601 3735 670 3787 tam
691 3719 861 3788 modicum
881 3721 1027 3814 undique
1046 3721 1123 3790 fidei
1140 3722 1290 3808 videbat3
1310 3725 1381 3793 sive

303 3825 345 3892 ad
368 3851 401 3894 se
423 3824 497 3895 illos
517 3849 657 3894 evocare
678 3825 805 3915 mallet,
826 3827 1000 3897 haesitabat
1024 3853 1067 3896 ne
1093 3830 1211 3897 itinere
1231 3831 1380 3923 inipso,

301 3947 505 4026 superventu
522 3932 684 4020 hostium,
701 3958 736 4001 se
757 3934 911 4023 absente,
933 3934 1023 4028 quod
1048 3934 1199 4024 nolebat,
1225 3960 1379 4030 pugnare

301 4053 509 4133 cogerentur.
539 4043 607 4108 Has
630 4041 716 4109 inter
738 4065 835 4110 curas
862 4043 1038 4130 Lucterius
1060 4041 1234 4111 Cadurcus
1254 4065 1274 4110 a
1292 4044 1381 4113 Ver·

302 4145 504 4238 cingetorige
522 4148 658 4236 missus,
682 4148 857 4218 Ruthenos
890 4150 1050 4219 Arvernis
1086 4163 1285 4239 attraxerat5
1317 4175 1381 4220 nee
