<?xml version="1.0" encoding="UTF-8"?>
<!DOCTYPE html PUBLIC "-//W3C//DTD XHTML 1.0 Transitional//EN"
    "http://www.w3.org/TR/xhtml1/DTD/xhtml1-transitional.dtd">
<html xmlns="http://www.w3.org/1999/xhtml" xml:lang="en" lang="en">
 <head>
  <title>
</title>
<meta http-equiv="Content-Type" content="text/html;charset=utf-8" />
  <meta name='ocr-system' content='tesseract 3.04.00' />
  <meta name='ocr-capabilities' content='ocr_page ocr_carea ocr_par ocr_line ocrx_word'/>
</head>
<body>
  <div class='ocr_page' id='page_1' title='image "./caiusjuliuscsar00unkngoog_0309.png"; bbox 0 0 3000 5025; ppageno 0'>
   <div class='ocr_carea' id='block_1_1' title="bbox 260 507 1438 3825">
    <p class='ocr_par' dir='ltr' id='par_1_1' title="bbox 330 507 1029 585">
     <span class='ocr_line' id='line_1_1' title="bbox 330 507 1029 585; baseline -0.001 -2"><span class='ocrx_word' id='word_1_1' title='bbox 330 513 405 585; x_wconf 80' lang='lat'>280</span> <span class='ocrx_word' id='word_1_2' title='bbox 591 540 593 545; x_wconf 78' lang='grc'>’</span> <span class='ocrx_word' id='word_1_3' title='bbox 714 507 1029 584; x_wconf 80' lang='lat' dir='ltr'><strong>PLUTARCHI-</strong></span> 
     </span>
    </p>

    <p class='ocr_par' dir='ltr' id='par_1_2' title="bbox 326 626 1438 955">
     <span class='ocr_line' id='line_1_2' title="bbox 327 626 1398 739; baseline -0.002 -28"><span class='ocrx_word' id='word_1_4' title='bbox 327 646 436 721; x_wconf 78' lang='grc' dir='ltr'>ἐκλυθῆ</span> <span class='ocrx_word' id='word_1_5' title='bbox 454 648 492 715; x_wconf 85' lang='grc' dir='ltr'>τὸ</span> <span class='ocrx_word' id='word_1_6' title='bbox 513 626 642 714; x_wconf 84' lang='grc' dir='ltr'>θάνειον.</span> <span class='ocrx_word' id='word_1_7' title='bbox 654 632 718 715; x_wconf 71' lang='grc' dir='ltr'>Ἐπὶ</span> <span class='ocrx_word' id='word_1_8' title='bbox 730 650 853 726; x_wconf 83' lang='grc' dir='ltr'>τούτοις</span> <span class='ocrx_word' id='word_1_9' title='bbox 864 639 1047 739; x_wconf 72' lang='grc' dir='ltr'>εὐδοκιμῶν,</span> <span class='ocrx_word' id='word_1_10' title='bbox 1062 643 1225 739; x_wconf 73' lang='grc' dir='ltr'>ἀπηλλάγη</span> <span class='ocrx_word' id='word_1_11' title='bbox 1241 653 1296 722; x_wconf 79' lang='grc' dir='ltr'>τῆς</span> <span class='ocrx_word' id='word_1_12' title='bbox 1309 646 1398 735; x_wconf 79' lang='grc' dir='ltr'>ίπαρ·</span> 
     </span>
     <span class='ocr_line' id='line_1_3' title="bbox 326 751 1395 889; baseline -0.001 -72"><span class='ocrx_word' id='word_1_13' title='bbox 326 751 415 882; x_wconf 82' lang='grc' dir='ltr'>χίας,</span> <span class='ocrx_word' id='word_1_14' title='bbox 426 755 519 833; x_wconf 86' lang='grc' dir='ltr'>αὐτός</span> <span class='ocrx_word' id='word_1_15' title='bbox 533 780 567 820; x_wconf 85' lang='grc' dir='ltr'>τε</span> <span class='ocrx_word' id='word_1_16' title='bbox 578 756 722 833; x_wconf 90' lang='grc' dir='ltr'>πλούσιος</span> <span class='ocrx_word' id='word_1_17' title='bbox 735 756 886 849; x_wconf 82' lang='grc' dir='ltr'>γεγονὼς,</span> <span class='ocrx_word' id='word_1_18' title='bbox 900 753 952 821; x_wconf 90' lang='grc' dir='ltr'>καὶ</span> <span class='ocrx_word' id='word_1_19' title='bbox 965 754 1037 831; x_wconf 83' lang='grc' dir='ltr'>τοὺς</span> <span class='ocrx_word' id='word_1_20' title='bbox 1047 756 1225 883; x_wconf 79' lang='grc' dir='ltr'>ςρατμύπας</span> <span class='ocrx_word' id='word_1_21' title='bbox 1236 752 1395 889; x_wconf 76' lang='grc' dir='ltr'>ὠφεληκὼς</span> 
     </span>
     <span class='ocr_line' id='line_1_4' title="bbox 326 854 1438 955; baseline 0.004 -33"><span class='ocrx_word' id='word_1_22' title='bbox 326 884 388 925; x_wconf 88' lang='grc' dir='ltr'>απο</span> <span class='ocrx_word' id='word_1_23' title='bbox 396 886 457 926; x_wconf 86' lang='grc' dir='ltr'>των</span> <span class='ocrx_word' id='word_1_24' title='bbox 468 871 655 955; x_wconf 84' lang='grc' dir='ltr'>ςρατηγιῶν,</span> <span class='ocrx_word' id='word_1_25' title='bbox 660 861 761 952; x_wconf 91' lang='grc' dir='ltr'>καὶπρ</span> <span class='ocrx_word' id='word_1_26' title='bbox 746 885 996 954; x_wconf 88' lang='grc' dir='ltr'>οσηγορευμενος</span> <span class='ocrx_word' id='word_1_27' title='bbox 1005 858 1266 952; x_wconf 84' lang='grc' dir='ltr'>αυτοκρατῳρυπ</span> <span class='ocrx_word' id='word_1_28' title='bbox 1270 854 1395 925; x_wconf 73' lang='grc' dir='ltr'>αὑτῶνῖ</span> <span class='ocrx_word' id='word_1_29' title='bbox 1436 920 1438 926; x_wconf 75' lang='grc'>,</span> 
     </span>
    </p>

    <p class='ocr_par' dir='ltr' id='par_1_3' title="bbox 260 953 1401 3291">
     <span class='ocr_line' id='line_1_5' title="bbox 379 953 1395 1059; baseline -0.006 -26"><span class='ocrx_word' id='word_1_30' title='bbox 379 967 476 1035; x_wconf 90' lang='lat' dir='ltr'><strong>XIII.</strong></span> <span class='ocrx_word' id='word_1_31' title='bbox 491 953 570 1035; x_wconf 75' lang='grc' dir='ltr'>Επεὶ</span> <span class='ocrx_word' id='word_1_32' title='bbox 589 957 623 1034; x_wconf 64' lang='lat' dir='ltr'>II</span> <span class='ocrx_word' id='word_1_33' title='bbox 641 967 713 1045; x_wconf 84' lang='grc' dir='ltr'>τοὺς</span> <span class='ocrx_word' id='word_1_34' title='bbox 731 968 785 1059; x_wconf 85' lang='grc' dir='ltr'>μὲν</span> <span class='ocrx_word' id='word_1_35' title='bbox 802 965 1021 1059; x_wconf 79' lang='grc' dir='ltr'>μνωμένουςθρ</span> <span class='ocrx_word' id='word_1_36' title='bbox 1024 959 1141 1058; x_wconf 83' lang='grc' dir='ltr'>ίαμόον</span> <span class='ocrx_word' id='word_1_37' title='bbox 1155 959 1214 1043; x_wconf 73' lang='grc' dir='ltr'>ἔξω</span> <span class='ocrx_word' id='word_1_38' title='bbox 1229 955 1321 1057; x_wconf 83' lang='grc' dir='ltr'>θιατρ</span> <span class='ocrx_word' id='word_1_39' title='bbox 1323 956 1395 1029; x_wconf 79' lang='grc' dir='ltr'>ίύειν</span> 
     </span>
     <span class='ocr_line' id='line_1_6' title="bbox 324 1061 1400 1167; baseline 0 -32"><span class='ocrx_word' id='word_1_40' title='bbox 324 1061 403 1156; x_wconf 79' lang='grc' dir='ltr'>ἔθει,</span> <span class='ocrx_word' id='word_1_41' title='bbox 417 1075 489 1152; x_wconf 87' lang='grc' dir='ltr'>τοὺς</span> <span class='ocrx_word' id='word_1_42' title='bbox 491 1066 541 1141; x_wconf 82' lang='grc' dir='ltr'>θέ</span> <span class='ocrx_word' id='word_1_43' title='bbox 560 1074 723 1167; x_wconf 81' lang='grc' dir='ltr'>μετιόντας</span> <span class='ocrx_word' id='word_1_44' title='bbox 737 1072 886 1140; x_wconf 80' lang='grc' dir='ltr'>ὑπατείαν</span> <span class='ocrx_word' id='word_1_45' title='bbox 907 1073 1063 1165; x_wconf 83' lang='grc' dir='ltr'>παρόντας</span> <span class='ocrx_word' id='word_1_46' title='bbox 1084 1075 1115 1139; x_wconf 84' lang='grc' dir='ltr'>ἐν</span> <span class='ocrx_word' id='word_1_47' title='bbox 1133 1081 1174 1163; x_wconf 77' lang='grc' dir='ltr'>τῇ</span> <span class='ocrx_word' id='word_1_48' title='bbox 1192 1071 1282 1140; x_wconf 87' lang='grc' dir='ltr'>πόλει</span> <span class='ocrx_word' id='word_1_49' title='bbox 1302 1080 1400 1137; x_wconf 73' lang='grc' dir='ltr'>τοῦτο</span> 
     </span>
     <span class='ocr_line' id='line_1_7' title="bbox 323 1171 1395 1273; baseline 0 -30"><span class='ocrx_word' id='word_1_50' title='bbox 323 1175 490 1268; x_wconf 83' lang='grc' dir='ltr'>πράττειν,</span> <span class='ocrx_word' id='word_1_51' title='bbox 511 1182 542 1247; x_wconf 92' lang='grc' dir='ltr'>ἐν</span> <span class='ocrx_word' id='word_1_52' title='bbox 561 1181 690 1273; x_wconf 65' lang='grc' dir='ltr'>τοιαύτῃ</span> <span class='ocrx_word' id='word_1_53' title='bbox 712 1180 844 1273; x_wconf 79' lang='grc' dir='ltr'>γεγονὼς</span> <span class='ocrx_word' id='word_1_54' title='bbox 863 1178 1041 1271; x_wconf 78' lang='grc' dir='ltr'>ἀντινομίᾳ,</span> <span class='ocrx_word' id='word_1_55' title='bbox 1059 1176 1111 1245; x_wconf 86' lang='grc' dir='ltr'>καὶ</span> <span class='ocrx_word' id='word_1_56' title='bbox 1129 1179 1204 1271; x_wconf 85' lang='grc' dir='ltr'>πρὸς</span> <span class='ocrx_word' id='word_1_57' title='bbox 1225 1171 1373 1255; x_wconf 78' lang='grc' dir='ltr'>αὑτὰς</span> <span class='ocrx_word' id='word_1_58' title='bbox 1340 1200 1395 1252; x_wconf 80' lang='grc' dir='ltr'>τας</span> 
     </span>
     <span class='ocr_line' id='line_1_8' title="bbox 322 1275 1394 1380; baseline 0.001 -33"><span class='ocrx_word' id='word_1_59' title='bbox 322 1282 474 1363; x_wconf 72' lang='grc' dir='ltr'>ὑπατικὰς</span> <span class='ocrx_word' id='word_1_60' title='bbox 494 1275 656 1380; x_wconf 80' lang='grc' dir='ltr'>ἀφιγμένος</span> <span class='ocrx_word' id='word_1_61' title='bbox 671 1284 880 1380; x_wconf 75' lang='grc' dir='ltr'>ἀρχαιρεσίας,</span> <span class='ocrx_word' id='word_1_62' title='bbox 893 1281 1011 1378; x_wconf 78' lang='grc' dir='ltr'>ἔπεμψε</span> <span class='ocrx_word' id='word_1_63' title='bbox 1031 1284 1107 1377; x_wconf 78' lang='grc' dir='ltr'>πρὸς</span> <span class='ocrx_word' id='word_1_64' title='bbox 1128 1286 1394 1379; x_wconf 77' lang='grc' dir='ltr'>τὴνσύγκλητον,</span> 
     </span>
     <span class='ocr_line' id='line_1_9' title="bbox 322 1381 1395 1486; baseline 0.002 -33"><span class='ocrx_word' id='word_1_65' title='bbox 322 1387 499 1483; x_wconf 77' lang='grc' dir='ltr'>αἰτούμενος</span> <span class='ocrx_word' id='word_1_66' title='bbox 514 1396 598 1479; x_wconf 80' lang='grc' dir='ltr'>αὑτῷ</span> <span class='ocrx_word' id='word_1_67' title='bbox 613 1384 739 1467; x_wconf 83' lang='grc' dir='ltr'>θοθῆναι</span> <span class='ocrx_word' id='word_1_68' title='bbox 755 1392 975 1486; x_wconf 68' lang='grc' dir='ltr'>παραγγέλλειν</span> <span class='ocrx_word' id='word_1_69' title='bbox 998 1389 1039 1468; x_wconf 83' lang='grc' dir='ltr'>εἰς</span> <span class='ocrx_word' id='word_1_70' title='bbox 1054 1389 1203 1458; x_wconf 77' lang='grc' dir='ltr'>ὑπατείαν</span> <span class='ocrx_word' id='word_1_71' title='bbox 1216 1390 1330 1458; x_wconf 85' lang='grc' dir='ltr'>άπόντι</span> <span class='ocrx_word' id='word_1_72' title='bbox 1344 1381 1395 1455; x_wconf 71' lang='grc' dir='ltr'>διὰ</span> 
     </span>
     <span class='ocr_line' id='line_1_10' title="bbox 321 1491 1401 1591; baseline 0.006 -33"><span class='ocrx_word' id='word_1_73' title='bbox 321 1502 383 1560; x_wconf 86' lang='grc' dir='ltr'>τῶν</span> <span class='ocrx_word' id='word_1_74' title='bbox 405 1495 512 1586; x_wconf 78' lang='grc' dir='ltr'>φίλων.</span> <span class='ocrx_word' id='word_1_75' title='bbox 535 1498 691 1577; x_wconf 82' lang='grc' dir='ltr'>Κάτωνος·</span> <span class='ocrx_word' id='word_1_76' title='bbox 706 1491 742 1566; x_wconf 79' lang='grc' dir='ltr'>θέ</span> <span class='ocrx_word' id='word_1_77' title='bbox 758 1505 887 1591; x_wconf 86' lang='grc' dir='ltr'>’πρῶτον</span> <span class='ocrx_word' id='word_1_78' title='bbox 916 1500 970 1590; x_wconf 86' lang='grc' dir='ltr'>μὲν</span> <span class='ocrx_word' id='word_1_79' title='bbox 994 1491 1221 1589; x_wconf 76' lang='grc' dir='ltr'>ἰσχυριζομένου</span> <span class='ocrx_word' id='word_1_80' title='bbox 1243 1504 1292 1584; x_wconf 76' lang='grc' dir='ltr'>τῷ</span> <span class='ocrx_word' id='word_1_81' title='bbox 1312 1497 1401 1588; x_wconf 74' lang='grc' dir='ltr'>νόμῳ·</span> 
     </span>
     <span class='ocr_line' id='line_1_11' title="bbox 320 1596 1394 1696; baseline 0.005 -30"><span class='ocrx_word' id='word_1_82' title='bbox 320 1602 396 1693; x_wconf 85' lang='grc' dir='ltr'>πρὸς</span> <span class='ocrx_word' id='word_1_83' title='bbox 409 1605 466 1676; x_wconf 80' lang='grc' dir='ltr'>πὴν</span> <span class='ocrx_word' id='word_1_84' title='bbox 482 1596 619 1688; x_wconf 79' lang='grc' dir='ltr'>ἀξίωσιν,</span> <span class='ocrx_word' id='word_1_85' title='bbox 635 1601 718 1689; x_wconf 82' lang='grc' dir='ltr'>εἶτα,</span> <span class='ocrx_word' id='word_1_86' title='bbox 737 1610 777 1683; x_wconf 78' lang='grc' dir='ltr'>ὡς</span> <span class='ocrx_word' id='word_1_87' title='bbox 791 1607 870 1696; x_wconf 80' lang='grc' dir='ltr'>ἑώρα</span> <span class='ocrx_word' id='word_1_88' title='bbox 891 1604 1024 1681; x_wconf 78' lang='grc' dir='ltr'>πολλοὺς</span> <span class='ocrx_word' id='word_1_89' title='bbox 1045 1602 1319 1696; x_wconf 71' lang='grc' dir='ltr'>τεθεραπευμένους</span> <span class='ocrx_word' id='word_1_90' title='bbox 1336 1601 1394 1671; x_wconf 77' lang='grc' dir='ltr'>ὑπὸ</span> 
     </span>
     <span class='ocr_line' id='line_1_12' title="bbox 320 1708 1394 1805; baseline 0.003 -34"><span class='ocrx_word' id='word_1_91' title='bbox 320 1717 377 1773; x_wconf 84' lang='grc' dir='ltr'>τοὺ</span> <span class='ocrx_word' id='word_1_92' title='bbox 399 1708 570 1803; x_wconf 85' lang='grc' dir='ltr'>Καίσαρος,</span> <span class='ocrx_word' id='word_1_93' title='bbox 592 1714 812 1805; x_wconf 79' lang='grc' dir='ltr'>ἐκκρούσαντος</span> <span class='ocrx_word' id='word_1_94' title='bbox 839 1717 885 1796; x_wconf 85' lang='grc' dir='ltr'>τῷ</span> <span class='ocrx_word' id='word_1_95' title='bbox 903 1711 1003 1803; x_wconf 83' lang='grc' dir='ltr'>χρόνῳ</span> <span class='ocrx_word' id='word_1_96' title='bbox 1027 1711 1066 1777; x_wconf 83' lang='grc' dir='ltr'>τό</span> <span class='ocrx_word' id='word_1_97' title='bbox 1091 1714 1241 1804; x_wconf 82' lang='grc' dir='ltr'>πρᾶγμα,</span> <span class='ocrx_word' id='word_1_98' title='bbox 1261 1709 1316 1777; x_wconf 87' lang='grc' dir='ltr'>καὶ</span> <span class='ocrx_word' id='word_1_99' title='bbox 1339 1711 1394 1782; x_wconf 75' lang='grc' dir='ltr'>τὴν</span> 
     </span>
     <span class='ocr_line' id='line_1_13' title="bbox 320 1801 1393 1948; baseline -0.003 -63"><span class='ocrx_word' id='word_1_100' title='bbox 320 1815 434 1906; x_wconf 75' lang='grc' dir='ltr'>ἡμέραν</span> <span class='ocrx_word' id='word_1_101' title='bbox 453 1819 483 1882; x_wconf 87' lang='grc' dir='ltr'>ἐν</span> <span class='ocrx_word' id='word_1_102' title='bbox 505 1825 551 1903; x_wconf 83' lang='grc' dir='ltr'>τῷ</span> <span class='ocrx_word' id='word_1_103' title='bbox 570 1801 669 1911; x_wconf 80' lang='grc' dir='ltr'>λέγειν</span> <span class='ocrx_word' id='word_1_104' title='bbox 689 1813 958 1948; x_wconf 72' lang='grc' dir='ltr'>κατατρίψαντος,</span> <span class='ocrx_word' id='word_1_105' title='bbox 976 1816 1156 1910; x_wconf 80' lang='grc' dir='ltr'>ἕγνῳτὸνθ</span> <span class='ocrx_word' id='word_1_106' title='bbox 1158 1810 1289 1909; x_wconf 75' lang='grc' dir='ltr'>ρίαμύον</span> <span class='ocrx_word' id='word_1_107' title='bbox 1311 1816 1393 1909; x_wconf 80' lang='grc' dir='ltr'>ἀφεὶς</span> 
     </span>
     <span class='ocr_line' id='line_1_14' title="bbox 319 1914 1394 2015; baseline 0.005 -31"><span class='ocrx_word' id='word_1_108' title='bbox 319 1944 336 1984; x_wconf 87' lang='grc' dir='ltr'>ο</span> <span class='ocrx_word' id='word_1_109' title='bbox 326 1922 476 2014; x_wconf 82' lang='grc' dir='ltr'>Καῖσαρ</span> <span class='ocrx_word' id='word_1_110' title='bbox 491 1922 612 2013; x_wconf 76' lang='grc' dir='ltr'>ἔχεσθαι</span> <span class='ocrx_word' id='word_1_111' title='bbox 625 1933 681 2001; x_wconf 81' lang='grc' dir='ltr'>τῆς</span> <span class='ocrx_word' id='word_1_112' title='bbox 695 1922 854 2000; x_wconf 88' lang='grc' dir='ltr'>ὑπατείας</span> <span class='ocrx_word' id='word_1_113' title='bbox 868 1948 921 1988; x_wconf 89' lang='grc' dir='ltr'>και</span> <span class='ocrx_word' id='word_1_114' title='bbox 909 1921 1095 2015; x_wconf 78' lang='grc' dir='ltr'>παρελθὼν</span> <span class='ocrx_word' id='word_1_115' title='bbox 1110 1922 1213 2006; x_wconf 78' lang='grc' dir='ltr'>εὐθὺς,</span> <span class='ocrx_word' id='word_1_116' title='bbox 1225 1914 1394 1991; x_wconf 68' lang='grc' dir='ltr'>ὑποδύεται</span> 
     </span>
     <span class='ocr_line' id='line_1_15' title="bbox 281 2022 1393 2135; baseline 0.006 -45"><span class='ocrx_word' id='word_1_117' title='bbox 281 2114 283 2122; x_wconf 18' lang='grc' dir='ltr'>γ</span> <span class='ocrx_word' id='word_1_118' title='bbox 319 2024 492 2135; x_wconf 83' lang='grc' dir='ltr'>πολίτευμά</span> <span class='ocrx_word' id='word_1_119' title='bbox 510 2055 543 2096; x_wconf 89' lang='grc' dir='ltr'>τι</span> <span class='ocrx_word' id='word_1_120' title='bbox 561 2029 681 2107; x_wconf 89' lang='grc' dir='ltr'>πάντας</span> <span class='ocrx_word' id='word_1_121' title='bbox 696 2026 870 2121; x_wconf 76' lang='grc' dir='ltr'>ἀνθρώπους</span> <span class='ocrx_word' id='word_1_122' title='bbox 894 2022 1112 2111; x_wconf 76' lang='grc' dir='ltr'>ἐξαπατῆσαν,</span> <span class='ocrx_word' id='word_1_123' title='bbox 1131 2031 1211 2103; x_wconf 75' lang='grc' dir='ltr'>πλὴν</span> <span class='ocrx_word' id='word_1_124' title='bbox 1231 2029 1393 2109; x_wconf 75' lang='grc' dir='ltr'>Κάτωνος</span> 
     </span>
     <span class='ocr_line' id='line_1_16' title="bbox 318 2110 1392 2231; baseline 0.004 -34"><span class='ocrx_word' id='word_1_125' title='bbox 318 2110 367 2197; x_wconf 89' lang='grc' dir='ltr'>Ην</span> <span class='ocrx_word' id='word_1_126' title='bbox 382 2123 417 2199; x_wconf 66' lang='lat' dir='ltr'>II</span> <span class='ocrx_word' id='word_1_127' title='bbox 434 2144 529 2201; x_wconf 82' lang='grc' dir='ltr'>τοῦτο</span> <span class='ocrx_word' id='word_1_128' title='bbox 544 2126 696 2229; x_wconf 77' lang='grc' dir='ltr'>θιαλλαγθ</span> <span class='ocrx_word' id='word_1_129' title='bbox 711 2129 878 2227; x_wconf 84' lang='grc' dir='ltr'>Πομπηιου</span> <span class='ocrx_word' id='word_1_130' title='bbox 890 2160 942 2201; x_wconf 88' lang='grc' dir='ltr'>και</span> <span class='ocrx_word' id='word_1_131' title='bbox 932 2133 1119 2227; x_wconf 84' lang='grc' dir='ltr'>Κράσσου,</span> <span class='ocrx_word' id='word_1_132' title='bbox 1133 2143 1195 2201; x_wconf 75' lang='grc' dir='ltr'>τῶν</span> <span class='ocrx_word' id='word_1_133' title='bbox 1214 2138 1354 2231; x_wconf 74' lang='grc' dir='ltr'>μέγιςον</span> <span class='ocrx_word' id='word_1_134' title='bbox 1365 2140 1392 2203; x_wconf 82' lang='grc' dir='ltr'>ἐι</span> 
     </span>
     <span class='ocr_line' id='line_1_17' title="bbox 318 2231 1393 2376; baseline 0.008 -74"><span class='ocrx_word' id='word_1_135' title='bbox 318 2262 358 2331; x_wconf 83' lang='grc' dir='ltr'>τῃ</span> <span class='ocrx_word' id='word_1_136' title='bbox 344 2238 458 2305; x_wconf 89' lang='grc' dir='ltr'>πόλει</span> <span class='ocrx_word' id='word_1_137' title='bbox 473 2231 703 2370; x_wconf 74' lang='grc' dir='ltr'>δυναμένων·</span> <span class='ocrx_word' id='word_1_138' title='bbox 673 2266 723 2319; x_wconf 93' lang='grc' dir='ltr'>ους</span> <span class='ocrx_word' id='word_1_139' title='bbox 737 2242 916 2376; x_wconf 80' lang='grc' dir='ltr'>συναγαγὼν</span> <span class='ocrx_word' id='word_1_140' title='bbox 931 2268 947 2307; x_wconf 95' lang='grc' dir='ltr'>ο</span> <span class='ocrx_word' id='word_1_141' title='bbox 937 2240 1122 2334; x_wconf 76' lang='grc' dir='ltr'>’Καῖσαρ’</span> <span class='ocrx_word' id='word_1_142' title='bbox 1097 2267 1139 2320; x_wconf 87' lang='grc' dir='ltr'>εις</span> <span class='ocrx_word' id='word_1_143' title='bbox 1152 2241 1287 2332; x_wconf 87' lang='grc' dir='ltr'>φιλίαν’</span> <span class='ocrx_word' id='word_1_144' title='bbox 1273 2268 1310 2309; x_wconf 87' lang='grc' dir='ltr'>ειι</span> <span class='ocrx_word' id='word_1_145' title='bbox 1325 2236 1393 2311; x_wconf 82' lang='grc' dir='ltr'>θια-</span> 
     </span>
     <span class='ocr_line' id='line_1_18' title="bbox 318 2310 1393 2442; baseline 0.008 -33"><span class='ocrx_word' id='word_1_146' title='bbox 318 2310 431 2437; x_wconf 73' lang='grc' dir='ltr'>φόρᾶς’</span> <span class='ocrx_word' id='word_1_147' title='bbox 439 2346 515 2429; x_wconf 91' lang='grc' dir='ltr'>,καὶ</span> <span class='ocrx_word' id='word_1_148' title='bbox 535 2346 594 2413; x_wconf 74' lang='grc' dir='ltr'>τὴν</span> <span class='ocrx_word' id='word_1_149' title='bbox 613 2346 669 2415; x_wconf 82' lang='grc' dir='ltr'>ἀπ’</span> <span class='ocrx_word' id='word_1_150' title='bbox 689 2347 802 2438; x_wconf 80' lang='grc' dir='ltr'>ἀμφοῖν</span> <span class='ocrx_word' id='word_1_151' title='bbox 840 2345 1093 2442; x_wconf 86' lang='grc' dir='ltr'>συνενεγκάμενος</span> <span class='ocrx_word' id='word_1_152' title='bbox 1109 2346 1195 2439; x_wconf 82' lang='grc' dir='ltr'>ίοχὺν</span> <span class='ocrx_word' id='word_1_153' title='bbox 1213 2348 1253 2427; x_wconf 84' lang='grc' dir='ltr'>εἰς</span> <span class='ocrx_word' id='word_1_154' title='bbox 1267 2345 1393 2435; x_wconf 77' lang='grc' dir='ltr'>ἑαυτὸν,</span> 
     </span>
     <span class='ocr_line' id='line_1_19' title="bbox 318 2450 1391 2549; baseline 0.007 -32"><span class='ocrx_word' id='word_1_155' title='bbox 318 2451 396 2545; x_wconf 78' lang='grc' dir='ltr'>ἔργῳ</span> <span class='ocrx_word' id='word_1_156' title='bbox 423 2450 634 2547; x_wconf 84' lang='grc' dir='ltr'>φιλάνθρωπον</span> <span class='ocrx_word' id='word_1_157' title='bbox 656 2453 760 2545; x_wconf 84' lang='grc' dir='ltr'>ἐχοντι</span> <span class='ocrx_word' id='word_1_158' title='bbox 779 2451 1004 2549; x_wconf 81' lang='grc' dir='ltr'>προσηγορίαν,</span> <span class='ocrx_word' id='word_1_159' title='bbox 1023 2452 1111 2521; x_wconf 84' lang='grc' dir='ltr'>ἐλαθε</span> <span class='ocrx_word' id='word_1_160' title='bbox 1133 2458 1314 2546; x_wconf 77' lang='grc' dir='ltr'>μεταςησας</span> <span class='ocrx_word' id='word_1_161' title='bbox 1338 2460 1391 2533; x_wconf 79' lang='grc' dir='ltr'>την</span> 
     </span>
     <span class='ocr_line' id='line_1_20' title="bbox 317 2553 1393 2656; baseline 0.004 -28"><span class='ocrx_word' id='word_1_162' title='bbox 317 2558 486 2628; x_wconf 89' lang='grc' dir='ltr'>πολιτείαν.</span> <span class='ocrx_word' id='word_1_163' title='bbox 503 2563 550 2629; x_wconf 88' lang='grc' dir='ltr'>Οὐ</span> <span class='ocrx_word' id='word_1_164' title='bbox 569 2556 644 2655; x_wconf 79' lang='grc' dir='ltr'>γὰρ,</span> <span class='ocrx_word' id='word_1_165' title='bbox 664 2566 704 2638; x_wconf 86' lang='grc' dir='ltr'>ὡς</span> <span class='ocrx_word' id='word_1_166' title='bbox 725 2559 755 2626; x_wconf 89' lang='grc' dir='ltr'>οἱ</span> <span class='ocrx_word' id='word_1_167' title='bbox 772 2568 893 2638; x_wconf 84' lang='grc' dir='ltr'>πλεῖςοι</span> <span class='ocrx_word' id='word_1_168' title='bbox 912 2553 1102 2651; x_wconf 78' lang='grc' dir='ltr'>νομίζουσιν,</span> <span class='ocrx_word' id='word_1_169' title='bbox 1122 2567 1142 2635; x_wconf 77' lang='grc' dir='ltr'><strong>ἡ</strong></span> <span class='ocrx_word' id='word_1_170' title='bbox 1166 2561 1325 2656; x_wconf 88' lang='grc' dir='ltr'>Καίσαρος</span> <span class='ocrx_word' id='word_1_171' title='bbox 1344 2563 1393 2632; x_wconf 79' lang='grc' dir='ltr'>καὶ</span> 
     </span>
     <span class='ocr_line' id='line_1_21' title="bbox 260 2659 1391 2762; baseline 0.004 -28"><span class='ocrx_word' id='word_1_172' title='bbox 260 2755 263 2762; x_wconf 67' lang='lat'>,</span> <span class='ocrx_word' id='word_1_173' title='bbox 319 2662 483 2761; x_wconf 82' lang='grc' dir='ltr'>Πομπηίου</span> <span class='ocrx_word' id='word_1_174' title='bbox 498 2659 632 2758; x_wconf 74' lang='grc' dir='ltr'>διαφορὰ</span> <span class='ocrx_word' id='word_1_175' title='bbox 644 2668 716 2745; x_wconf 87' lang='grc' dir='ltr'>τοὺς</span> <span class='ocrx_word' id='word_1_176' title='bbox 730 2666 892 2758; x_wconf 78' lang='grc' dir='ltr'>ἐμφυλίους</span> <span class='ocrx_word' id='word_1_177' title='bbox 904 2665 1115 2760; x_wconf 75' lang='grc' dir='ltr'>ἀπειργάσατο</span> <span class='ocrx_word' id='word_1_178' title='bbox 1127 2671 1296 2760; x_wconf 82' lang='grc' dir='ltr'>πολέμους,</span> <span class='ocrx_word' id='word_1_179' title='bbox 1313 2669 1391 2738; x_wconf 77' lang='grc' dir='ltr'>αλλὰ</span> 
     </span>
     <span class='ocr_line' id='line_1_22' title="bbox 317 2772 1395 2868; baseline 0.004 -27"><span class='ocrx_word' id='word_1_180' title='bbox 317 2780 467 2867; x_wconf 79' lang='grc' dir='ltr'>’μᾶλλονη</span> <span class='ocrx_word' id='word_1_181' title='bbox 488 2772 592 2866; x_wconf 88' lang='grc' dir='ltr'>φιλία,</span> <span class='ocrx_word' id='word_1_182' title='bbox 608 2772 769 2852; x_wconf 84' lang='grc' dir='ltr'>συςάντων</span> <span class='ocrx_word' id='word_1_183' title='bbox 787 2773 838 2841; x_wconf 82' lang='grc' dir='ltr'>ἐπὶ</span> <span class='ocrx_word' id='word_1_184' title='bbox 856 2775 1022 2840; x_wconf 80' lang='grc' dir='ltr'>καταλύσει</span> <span class='ocrx_word' id='word_1_185' title='bbox 1041 2782 1098 2851; x_wconf 74' lang='grc' dir='ltr'>τῆς</span> <span class='ocrx_word' id='word_1_186' title='bbox 1116 2774 1339 2868; x_wconf 81' lang='grc' dir='ltr'>άριςοιιρατίας</span> <span class='ocrx_word' id='word_1_187' title='bbox 1355 2778 1395 2845; x_wconf 83' lang='grc' dir='ltr'>τθ</span> 
     </span>
     <span class='ocr_line' id='line_1_23' title="bbox 316 2869 1390 2973; baseline 0.003 -25"><span class='ocrx_word' id='word_1_188' title='bbox 316 2889 458 2973; x_wconf 84' lang='grc' dir='ltr'>πρῶτον,</span> <span class='ocrx_word' id='word_1_189' title='bbox 477 2875 545 2947; x_wconf 81' lang='grc' dir='ltr'>εἶτα</span> <span class='ocrx_word' id='word_1_190' title='bbox 558 2883 640 2948; x_wconf 84' lang='grc' dir='ltr'>οὕτω</span> <span class='ocrx_word' id='word_1_191' title='bbox 662 2880 714 2947; x_wconf 90' lang='grc' dir='ltr'>καὶ</span> <span class='ocrx_word' id='word_1_192' title='bbox 731 2881 808 2971; x_wconf 83' lang='grc' dir='ltr'>πρὸς</span> <span class='ocrx_word' id='word_1_193' title='bbox 821 2880 972 2956; x_wconf 77' lang='grc' dir='ltr'>άλληλους</span> <span class='ocrx_word' id='word_1_194' title='bbox 986 2869 1175 2957; x_wconf 78' lang='grc' dir='ltr'>θεας-άντων.</span> <span class='ocrx_word' id='word_1_195' title='bbox 1189 2882 1329 2949; x_wconf 83' lang='grc' dir='ltr'>Κάτωνι</span> <span class='ocrx_word' id='word_1_196' title='bbox 1340 2876 1390 2966; x_wconf 75' lang='grc' dir='ltr'>δὲ,</span> 
     </span>
     <span class='ocr_line' id='line_1_24' title="bbox 316 2977 1391 3116; baseline 0.004 -62"><span class='ocrx_word' id='word_1_197' title='bbox 316 2985 514 3065; x_wconf 87' lang='grc' dir='ltr'>πολλάκις</span> <span class='ocrx_word' id='word_1_198' title='bbox 480 3013 522 3053; x_wconf 88' lang='grc' dir='ltr'>τα</span> <span class='ocrx_word' id='word_1_199' title='bbox 540 2989 693 3116; x_wconf 75' lang='grc' dir='ltr'>μέλλοντα</span> <span class='ocrx_word' id='word_1_200' title='bbox 706 2979 953 3078; x_wconf 82' lang='grc' dir='ltr'>προθεσπίζοντι,</span> <span class='ocrx_word' id='word_1_201' title='bbox 971 3010 1009 3052; x_wconf 91' lang='grc' dir='ltr'>πε</span> <span class='ocrx_word' id='word_1_202' title='bbox 1012 2995 1075 3078; x_wconf 79' lang='grc' dir='ltr'>ριῆν</span> <span class='ocrx_word' id='word_1_203' title='bbox 1092 2977 1294 3056; x_wconf 81' lang='grc' dir='ltr'>δυσκόλου</span> <span class='ocrx_word' id='word_1_204' title='bbox 1258 3015 1315 3081; x_wconf 86' lang='grc' dir='ltr'>μεν</span> <span class='ocrx_word' id='word_1_205' title='bbox 1337 2991 1391 3058; x_wconf 53' lang='grc' dir='ltr'>άνν</span> 
     </span>
     <span class='ocr_line' id='line_1_25' title="bbox 316 3011 1389 3223; baseline 0.006 -66"><span class='ocrx_word' id='word_1_206' title='bbox 316 3092 437 3223; x_wconf 88' lang='grc' dir='ltr'>θρώπου</span> <span class='ocrx_word' id='word_1_207' title='bbox 451 3095 525 3160; x_wconf 89' lang='grc' dir='ltr'>τότε</span> <span class='ocrx_word' id='word_1_208' title='bbox 543 3093 595 3160; x_wconf 88' lang='grc' dir='ltr'>καὶ</span> <span class='ocrx_word' id='word_1_209' title='bbox 616 3092 921 3187; x_wconf 89' lang='grc' dir='ltr'>πολυπράγμονος,</span> <span class='ocrx_word' id='word_1_210' title='bbox 903 3116 1010 3184; x_wconf 85' lang='grc' dir='ltr'>υςερον</span> <span class='ocrx_word' id='word_1_211' title='bbox 1012 3011 1068 3158; x_wconf 75' lang='grc' dir='ltr'>ρθὲ</span> <span class='ocrx_word' id='word_1_212' title='bbox 1082 3092 1230 3187; x_wconf 89' lang='grc' dir='ltr'>φρονίμου</span> <span class='ocrx_word' id='word_1_213' title='bbox 1245 3095 1319 3198; x_wconf 74' lang='grc' dir='ltr'>μὲν,</span> <span class='ocrx_word' id='word_1_214' title='bbox 1337 3101 1389 3165; x_wconf 82' lang='grc' dir='ltr'>οὑκ</span> 
     </span>
     <span class='ocr_line' id='line_1_26' title="bbox 316 3190 964 3291; baseline 0.002 -26"><span class='ocrx_word' id='word_1_215' title='bbox 316 3203 461 3291; x_wconf 81' lang='grc' dir='ltr'>εὐτυχοῦς</span> <span class='ocrx_word' id='word_1_216' title='bbox 479 3190 531 3282; x_wconf 82' lang='grc' dir='ltr'>θέ,</span> <span class='ocrx_word' id='word_1_217' title='bbox 546 3193 719 3290; x_wconf 76' lang='grc' dir='ltr'>συμύούλου</span> <span class='ocrx_word' id='word_1_218' title='bbox 734 3193 840 3266; x_wconf 83' lang='grc' dir='ltr'>λαύεῖν</span> <span class='ocrx_word' id='word_1_219' title='bbox 859 3190 964 3276; x_wconf 73' lang='grc' dir='ltr'>δόξαν.</span> 
     </span>
    </p>

    <p class='ocr_par' dir='ltr' id='par_1_4' title="bbox 311 3304 1387 3825">
     <span class='ocr_line' id='line_1_27' title="bbox 368 3304 1386 3402; baseline 0.004 -28"><span class='ocrx_word' id='word_1_220' title='bbox 368 3307 464 3376; x_wconf 90' lang='lat' dir='ltr'><strong>XIV.</strong></span> <span class='ocrx_word' id='word_1_221' title='bbox 481 3309 528 3372; x_wconf 91' lang='grc' dir='ltr'>Οὑ</span> <span class='ocrx_word' id='word_1_222' title='bbox 543 3308 601 3398; x_wconf 78' lang='grc' dir='ltr'>μὴν</span> <span class='ocrx_word' id='word_1_223' title='bbox 614 3306 706 3372; x_wconf 86' lang='grc' dir='ltr'>ἀλλ’</span> <span class='ocrx_word' id='word_1_224' title='bbox 693 3333 708 3372; x_wconf 95' lang='grc' dir='ltr'>ο</span> <span class='ocrx_word' id='word_1_225' title='bbox 723 3307 873 3397; x_wconf 80' lang='grc' dir='ltr'>Καῖσαρ’</span> <span class='ocrx_word' id='word_1_226' title='bbox 860 3329 891 3372; x_wconf 85' lang='grc' dir='ltr'>εν</span> <span class='ocrx_word' id='word_1_227' title='bbox 904 3305 995 3397; x_wconf 79' lang='grc' dir='ltr'>μέσῳ</span> <span class='ocrx_word' id='word_1_228' title='bbox 1001 3313 1058 3382; x_wconf 82' lang='grc' dir='ltr'>τῆς</span> <span class='ocrx_word' id='word_1_229' title='bbox 1072 3304 1219 3399; x_wconf 88' lang='grc' dir='ltr'>Κράσσου</span> <span class='ocrx_word' id='word_1_230' title='bbox 1232 3333 1284 3375; x_wconf 87' lang='grc' dir='ltr'>και</span> <span class='ocrx_word' id='word_1_231' title='bbox 1273 3311 1386 3402; x_wconf 86' lang='grc' dir='ltr'>Πομ</span> 
     </span>
     <span class='ocr_line' id='line_1_28' title="bbox 314 3404 1387 3548; baseline 0.002 -69"><span class='ocrx_word' id='word_1_232' title='bbox 314 3408 406 3487; x_wconf 81' lang='grc' dir='ltr'>πηίου</span> <span class='ocrx_word' id='word_1_233' title='bbox 428 3411 529 3504; x_wconf 89' lang='grc' dir='ltr'>φιλίας</span> <span class='ocrx_word' id='word_1_234' title='bbox 548 3404 602 3504; x_wconf 81' lang='grc' dir='ltr'>θορ</span> <span class='ocrx_word' id='word_1_235' title='bbox 588 3416 820 3505; x_wconf 90' lang='grc' dir='ltr'>ρυφορούμενος,</span> <span class='ocrx_word' id='word_1_236' title='bbox 838 3411 889 3479; x_wconf 84' lang='grc' dir='ltr'>ἐπὶ</span> <span class='ocrx_word' id='word_1_237' title='bbox 911 3413 969 3484; x_wconf 76' lang='grc' dir='ltr'>τὴν</span> <span class='ocrx_word' id='word_1_238' title='bbox 988 3410 1139 3478; x_wconf 86' lang='grc' dir='ltr'>ὑπατείαν</span> <span class='ocrx_word' id='word_1_239' title='bbox 1140 3413 1321 3548; x_wconf 73' lang='grc' dir='ltr'>προήχθη,</span> <span class='ocrx_word' id='word_1_240' title='bbox 1338 3415 1387 3484; x_wconf 75' lang='grc' dir='ltr'>καί</span> 
     </span>
     <span class='ocr_line' id='line_1_29' title="bbox 311 3503 1385 3650; baseline 0.003 -63"><span class='ocrx_word' id='word_1_241' title='bbox 311 3517 498 3650; x_wconf 81' lang='grc' dir='ltr'>λμμπρῶς’</span> <span class='ocrx_word' id='word_1_242' title='bbox 480 3543 591 3650; x_wconf 79' lang='grc' dir='ltr'>ανμγορ</span> <span class='ocrx_word' id='word_1_243' title='bbox 578 3518 684 3610; x_wconf 86' lang='grc' dir='ltr'>ερυθεὶς</span> <span class='ocrx_word' id='word_1_244' title='bbox 695 3516 780 3648; x_wconf 76' lang='grc' dir='ltr'>μετὰ</span> <span class='ocrx_word' id='word_1_245' title='bbox 793 3516 973 3610; x_wconf 86' lang='grc' dir='ltr'>Καλπουρ’</span> <span class='ocrx_word' id='word_1_246' title='bbox 942 3540 1008 3584; x_wconf 89' lang='grc' dir='ltr'>νιου</span> <span class='ocrx_word' id='word_1_247' title='bbox 1019 3503 1154 3585; x_wconf 60' lang='grc' dir='ltr'>Βίόλου4</span> <span class='ocrx_word' id='word_1_248' title='bbox 1159 3519 1233 3603; x_wconf 84' lang='grc' dir='ltr'>,καὶ</span> <span class='ocrx_word' id='word_1_249' title='bbox 1245 3521 1385 3600; x_wconf 78' lang='grc' dir='ltr'>καταςάς</span> 
     </span>
     <span class='ocr_line' id='line_1_30' title="bbox 313 3623 1384 3732; baseline 0.003 -40"><span class='ocrx_word' id='word_1_250' title='bbox 313 3625 354 3704; x_wconf 82' lang='grc' dir='ltr'>εἰς</span> <span class='ocrx_word' id='word_1_251' title='bbox 373 3626 466 3701; x_wconf 74' lang='grc' dir='ltr'>την’</span> <span class='ocrx_word' id='word_1_252' title='bbox 448 3628 562 3732; x_wconf 88' lang='grc' dir='ltr'>αρχην,</span> <span class='ocrx_word' id='word_1_253' title='bbox 576 3623 703 3702; x_wconf 86' lang='grc' dir='ltr'>εὑθὺς’</span> <span class='ocrx_word' id='word_1_254' title='bbox 678 3625 808 3715; x_wconf 84' lang='grc' dir='ltr'>εισόφερε</span> <span class='ocrx_word' id='word_1_255' title='bbox 824 3625 943 3717; x_wconf 91' lang='grc' dir='ltr'>νόμους</span> <span class='ocrx_word' id='word_1_256' title='bbox 957 3628 1038 3716; x_wconf 84' lang='grc' dir='ltr'>οὑχ</span> <span class='ocrx_word' id='word_1_257' title='bbox 1027 3624 1144 3709; x_wconf 87' lang='grc' dir='ltr'>υπάτῳ</span> <span class='ocrx_word' id='word_1_258' title='bbox 1156 3629 1384 3719; x_wconf 73' lang='grc' dir='ltr'>προσήκοντας,-</span> 
     </span>
     <span class='ocr_line' id='line_1_31' title="bbox 313 3715 1381 3825; baseline 0.001 -25"><span class='ocrx_word' id='word_1_259' title='bbox 313 3730 400 3801; x_wconf 81' lang='grc' dir='ltr'>ἀλλὰ</span> <span class='ocrx_word' id='word_1_260' title='bbox 411 3715 563 3825; x_wconf 75' lang='grc' dir='ltr'>δημάρχῳ</span> <span class='ocrx_word' id='word_1_261' title='bbox 576 3757 636 3798; x_wconf 92' lang='grc' dir='ltr'>τινι</span> <span class='ocrx_word' id='word_1_262' title='bbox 625 3729 892 3824; x_wconf 88' lang='grc' dir='ltr'>θρασυτάτφ,π</span> <span class='ocrx_word' id='word_1_263' title='bbox 866 3733 942 3824; x_wconf 83' lang='grc' dir='ltr'>πρὸς</span> <span class='ocrx_word' id='word_1_264' title='bbox 964 3722 1076 3805; x_wconf 79' lang='grc' dir='ltr'>θθονην</span> <span class='ocrx_word' id='word_1_265' title='bbox 1090 3739 1153 3799; x_wconf 84' lang='grc' dir='ltr'>τῶν</span> <span class='ocrx_word' id='word_1_266' title='bbox 1167 3737 1289 3800; x_wconf 77' lang='grc' dir='ltr'>πολλῶν</span> <span class='ocrx_word' id='word_1_267' title='bbox 1307 3741 1381 3807; x_wconf 85' lang='grc' dir='ltr'>κλη-</span> 
     </span>
    </p>
   </div>
   <div class='ocr_carea' id='block_1_2' title="bbox 310 3956 1385 4193">
    <p class='ocr_par' dir='ltr' id='par_1_5' title="bbox 310 3956 1385 4193">
     <span class='ocr_line' id='line_1_32' title="bbox 354 3956 1385 4032; baseline 0.003 -20"><span class='ocrx_word' id='word_1_268' title='bbox 354 3979 377 4014; x_wconf 86' lang='grc' dir='ltr'>ι.</span> <span class='ocrx_word' id='word_1_269' title='bbox 392 3962 462 4032; x_wconf 80' lang='lat' dir='ltr'><strong>App.</strong></span> <span class='ocrx_word' id='word_1_270' title='bbox 478 3958 511 4010; x_wconf 86' lang='lat' dir='ltr'>de</span> <span class='ocrx_word' id='word_1_271' title='bbox 527 3959 592 4010; x_wconf 82' lang='lat' dir='ltr'><strong>Bell.</strong></span> <span class='ocrx_word' id='word_1_272' title='bbox 605 3958 687 4011; x_wconf 65' lang='grc' dir='ltr'>(ῙὶνίλΔ</span> <span class='ocrx_word' id='word_1_273' title='bbox 699 3977 739 4024; x_wconf 84' lang='lat'>11,¹</span> <span class='ocrx_word' id='word_1_274' title='bbox 751 3966 798 4024; x_wconf 68' lang='lat'>44.</span> <span class='ocrx_word' id='word_1_275' title='bbox 864 3956 1385 4030; x_wconf 52' lang='lat' dir='ltr'>nasset,sedc0muldaignatuscm,1</span> 
     </span>
     <span class='ocr_line' id='line_1_33' title="bbox 332 4038 1331 4110; baseline 0.003 -19"><span class='ocrx_word' id='word_1_276' title='bbox 332 4047 335 4052; x_wconf 88' lang='grc'><em>“</em></span> <span class='ocrx_word' id='word_1_277' title='bbox 353 4060 378 4093; x_wconf 78' lang='grc' dir='ltr'>ο.</span> <span class='ocrx_word' id='word_1_278' title='bbox 389 4038 480 4109; x_wconf 60' lang='grc' dir='ltr'>Ιᾏοιιςε</span> <span class='ocrx_word' id='word_1_279' title='bbox 492 4039 575 4091; x_wconf 72' lang='lat' dir='ltr'><strong>salisa</strong></span> <span class='ocrx_word' id='word_1_280' title='bbox 587 4051 681 4091; x_wconf 80' lang='lat' dir='ltr'><strong>nostro</strong></span> <span class='ocrx_word' id='word_1_281' title='bbox 692 4039 736 4091; x_wconf 79' lang='lat' dir='ltr'>hic</span> <span class='ocrx_word' id='word_1_282' title='bbox 747 4041 820 4092; x_wconf 88' lang='lat' dir='ltr'><strong>Suet.</strong></span> <span class='ocrx_word' id='word_1_283' title='bbox 864 4039 993 4110; x_wconf 82' lang='lat' dir='ltr'><strong>Pompeio</strong></span> <span class='ocrx_word' id='word_1_284' title='bbox 1005 4039 1130 4092; x_wconf 68' lang='lat' dir='ltr'>Crassum</span> <span class='ocrx_word' id='word_1_285' title='bbox 1140 4041 1331 4094; x_wconf 70' lang='lat' dir='ltr'><strong>reconciliavit.</strong></span> 
     </span>
     <span class='ocr_line' id='line_1_34' title="bbox 310 4118 1359 4193; baseline 0.003 -21"><span class='ocrx_word' id='word_1_286' title='bbox 310 4121 377 4185; x_wconf 66' lang='lat' dir='ltr'><strong>abit,</strong></span> <span class='ocrx_word' id='word_1_287' title='bbox 393 4119 447 4172; x_wconf 87' lang='lat' dir='ltr'><strong>JuI.</strong></span> <span class='ocrx_word' id='word_1_288' title='bbox 467 4119 531 4171; x_wconf 69' lang='grc' dir='ltr'>(λιιι.</span> <span class='ocrx_word' id='word_1_289' title='bbox 547 4137 592 4186; x_wconf 85' lang='lat'>¹9·</span> <span class='ocrx_word' id='word_1_290' title='bbox 606 4119 658 4172; x_wconf 86' lang='lat' dir='ltr'><strong>Illo</strong></span> <span class='ocrx_word' id='word_1_291' title='bbox 672 4120 744 4172; x_wconf 82' lang='lat' dir='ltr'><strong>enim</strong></span> <span class='ocrx_word' id='word_1_292' title='bbox 758 4137 821 4172; x_wconf 73' lang='lat' dir='ltr'>auo⁴</span> <span class='ocrx_word' id='word_1_293' title='bbox 906 4119 938 4172; x_wconf 81' lang='lat'>3.-</span> <span class='ocrx_word' id='word_1_294' title='bbox 949 4119 1027 4170; x_wconf 71' lang='lat' dir='ltr'><strong>malit</strong></span> <span class='ocrx_word' id='word_1_295' title='bbox 1037 4118 1126 4170; x_wconf 70' lang='lat' dir='ltr'>Reisk.</span> <span class='ocrx_word' id='word_1_296' title='bbox 1142 4120 1187 4178; x_wconf 68' lang='grc' dir='ltr'>τὴν</span> <span class='ocrx_word' id='word_1_297' title='bbox 1204 4119 1251 4174; x_wconf 79' lang='grc' dir='ltr'>ἀπ’</span> <span class='ocrx_word' id='word_1_298' title='bbox 1261 4122 1359 4193; x_wconf 72' lang='grc' dir='ltr'>ἀμφοῖν.</span> 
     </span>
    </p>
   </div>
   <div class='ocr_carea' id='block_1_3' title="bbox 308 4196 1175 4269">
    <p class='ocr_par' dir='ltr' id='par_1_6' title="bbox 308 4196 1175 4269">
     <span class='ocr_line' id='line_1_35' title="bbox 308 4196 1175 4269; baseline 0.003 -16"><span class='ocrx_word' id='word_1_299' title='bbox 308 4212 379 4266; x_wconf 84' lang='lat' dir='ltr'>tore,</span> <span class='ocrx_word' id='word_1_300' title='bbox 397 4217 453 4254; x_wconf 83' lang='lat' dir='ltr'>non</span> <span class='ocrx_word' id='word_1_301' title='bbox 466 4198 554 4252; x_wconf 70' lang='lat' dir='ltr'>statim</span> <span class='ocrx_word' id='word_1_302' title='bbox 568 4215 651 4269; x_wconf 76' lang='lat' dir='ltr'><strong>quum</strong></span> <span class='ocrx_word' id='word_1_303' title='bbox 666 4201 763 4253; x_wconf 70' lang='lat' dir='ltr'>urbem</span> <span class='ocrx_word' id='word_1_304' title='bbox 775 4200 822 4251; x_wconf 64' lang='lat' dir='ltr'>in«</span> <span class='ocrx_word' id='word_1_305' title='bbox 908 4196 1112 4264; x_wconf 65' lang='grc' dir='ltr'>4.Α1.Βὺὑλονι</span> <span class='ocrx_word' id='word_1_306' title='bbox 1170 4233 1175 4240; x_wconf 95' lang='lat'><em>·</em></span> 
     </span>
    </p>
   </div>
   <div class='ocr_carea' id='block_1_4' title="bbox 0 0 1504 5025">
    <p class='ocr_par' dir='ltr' id='par_1_7' title="bbox 0 0 1504 5025">
     <span class='ocr_line' id='line_1_36' title="bbox 0 0 1504 5025; baseline 0 5"><span class='ocrx_word' id='word_1_307' title='bbox 0 0 1504 5025; x_wconf 95' lang='lat' dir='ltr'> </span> 
     </span>
    </p>
   </div>
  </div>
 </body>
</html>
