3000 5025
304 453 379 553 376
595 456 634 521 C.
663 454 811 521 JULII
839 452 1082 520 CAESARIS

355 590 417 656 IX.
431 586 531 679 Λίμνη
545 578 581 651 δέ
594 612 642 663 τις
653 582 688 683 ἦν
704 588 737 653 οὐ
751 583 871 679 μεγάλη
886 578 1002 677 μεταξὺ
1014 593 1076 651 τῶν
1086 569 1236 675 Ῥωμαίων
1249 582 1301 651 καὶ
1313 592 1375 652 τῶν

302 677 1373 787 πολεμίων·ταύτηνοἱπολέμιοι,είοἱθωμαῖοιδιαόαίνοιεν,περιέμενον.

303 794 375 867 Οἱδ’
386 798 423 867 αὖ
431 800 611 891 Καισάρειοι
621 808 677 866 τοῦ
686 805 753 875 τοῖς
761 796 930 886 πολεμίοις,
939 797 965 863 εἰ
975 799 1030 870 τὴν
1038 796 1148 889 λίμνην
1160 794 1302 890 ἀρχοιντο
1313 789 1375 864 δια·

303 903 432 989 θαίνειν,
445 906 524 997 ἀμφὶ
537 915 631 973 τοῦτο
649 890 883 997 ἀσχολουμένοις
899 902 1085 971 ἐπιτίθεσθαι
1103 906 1376 997 παρεσκευασμένοι

301 1012 389 1093 ἦσαν’
403 1010 494 1079 καὶέν
507 1012 611 1097 τούτῳ
620 1011 673 1103 μὲν
684 1004 800 1103 μεταξὺ
812 1019 875 1077 τῶν
886 1000 942 1077 δόο
951 1018 1075 1103 ςρατῶν
1086 1008 1263 1103 ἱππομαχία
1275 1013 1377 1077 ἐποιεῖ·

301 1146 349 1188 το·
365 1110 470 1192 ἐπειδὴ
487 1112 517 1183 δ’
525 1109 680 1210 οὐδέτεροι
695 1108 861 1183 διοιάαίνειν
876 1116 1093 1209 ἐπεχείρουν,ό
1108 1116 1162 1207 μὲν
1172 1118 1297 1209 Καῖσαρ
1306 1117 1377 1193 τοὺς

302 1232 413 1293 ἑαυτοῦ
426 1226 500 1292 τότε
514 1225 825 1316 ἱπποκρατήσαντας,
840 1222 890 1289 ἀπὶ
903 1223 941 1291 τὸ
958 1215 1154 1316 ςρατόπεδον
1173 1222 1333 1317 ἀνήγαγεν·
1349 1222 1374 1288 οἱ

302 1325 337 1399 δὲ
349 1334 491 1422 πολέμιοι
505 1331 566 1397 ἀπὸ
580 1332 693 1397 τούτου
706 1339 764 1397 τοῦ
776 1330 895 1412 τόπου,
905 1327 988 1405 εὐθὺς
998 1328 1048 1395 ἐπὶ
1058 1330 1111 1396 τὸν
1121 1331 1266 1421 ποταμὸν
1276 1311 1375 1407 Ᾰξονα

303 1434 393 1532 (περὶ
405 1436 439 1504 οὗ
453 1430 515 1511 ήδη
528 1437 790 1529 μεμνημόνευται,
800 1442 841 1513 ὡς
853 1434 975 1504 ὄπισθεν
987 1445 1041 1503 τοῦ
1053 1444 1114 1502 τῶν
1127 1421 1279 1528 Ῥωμαίων
1289 1461 1376 1528 στρα·
1462 1426 1466 1434 ’

301 1536 438 1612 τοπέδου
453 1540 521 1627 εἴη)
536 1541 682 1616 ἀπῆλθον·
697 1542 748 1609 καὶ
763 1541 895 1609 ἐνταῦθα
912 1544 969 1614 τὴν
988 1539 1114 1635 ψάμμον
1129 1543 1279 1635 εὑρόντες,
1292 1543 1375 1635 μέρος

303 1650 357 1743 μὲν
371 1659 428 1717 τοῦ
443 1658 525 1742 σφῶν
539 1652 755 1742 ςρατεόματος
769 1640 959 1740 διαπορεόειν
971 1644 1168 1740 ἐπεχείρησαν
1178 1699 1187 1732 ,
1197 1651 1228 1714 ἐν
1240 1661 1286 1737 νῷ
1299 1650 1376 1741 ἕχον.

203 1816 205 1825 ι
302 1784 374 1841 τες,
397 1756 422 1823 εἰ
445 1757 498 1847 μὲν
520 1748 735 1839 δόναιντο,τὸ
759 1757 875 1848 ἔρυμα,
889 1753 923 1826 οὗ
944 1751 1078 1832 Κοίντος
1092 1758 1253 1846 Τιτοόριος
1270 1756 1374 1847 ἀρχει,

302 1858 509 1946 καταλαῖεῖν,
523 1862 574 1929 καὶ
596 1865 653 1936 τὴν
676 1864 808 1957 γέφυραν
830 1863 1004 1928 καταλύειν·
1023 1860 1049 1926 εἰ
1068 1852 1106 1927 δὲ
1124 1864 1187 1953 μή,
1204 1858 1288 1929 ἀλλά
1307 1871 1373 1955 γοῦν

302 1973 359 2044 τὴν
375 1978 436 2035 τῶν
449 1954 496 2042 [δή
498 1994 561 2060 μων
573 2018 582 2050 ,
595 1970 675 2061 μέγα
687 1980 734 2054 τῷ
753 1967 890 2057 Καίσαρι
905 1967 944 2045 εἰς
959 1977 1072 2034 τοῦτον
1087 1969 1147 2035 τὸν.
1157 1969 1292 2060 πόλεμον
1308 1992 1374 2058 συμ

303 2071 517 2166 όαλλομένων,
533 2078 634 2166 χώραν
652 2067 825 2156 ληίζεσθαι,
842 2072 893 2141 καὶ
911 2078 984 2152 τοὺς
1000 2059 1161 2166 Ιδωμαίους
1181 2085 1244 2140 τῶν
1271 2077 1375 2145 ε’πιτη·

302 2174 390 2247 δείων
409 2182 583 2247 ἀποκλείειν.

354 2291 406 2367 Χ,
417 2290 519 2353 Τοῦτο
545 2279 580 2353 δὲ
601 2288 660 2354 ὑπὸ
680 2298 737 2385 τοῦ
762 2288 923 2381 Τιτουρίου
948 2288 1050 2380 μαθὼν
1070 2295 1089 2355 ό
1110 2292 1256 2380 Καῖσαρ,
1278 2293 1375 2355 πᾶσαν

302 2420 337 2459 τε
356 2396 413 2467 τὴν
428 2398 540 2459 ἑαυτοῦ
553 2395 664 2476 ἵππον,
680 2394 732 2478 καὶΙ
744 2398 904 2488 γυμνήτας
919 2387 1091 2488 Νομάδας,
1105 2387 1317 2486 σφενδονήτας
1330 2420 1373 2475 τε,

303 2498 354 2566 καὶ
365 2494 497 2578 τοξότας
507 2501 563 2574 τὴν
578 2501 709 2594 γέφυραν
723 2492 743 2566 δ
746 2494 957 2585 ιεῖίῖασε,κοιὶ
967 2502 1059 2580 αὐτὸς
1070 2500 1220 2592 ἐφείπετο·
1230 2500 1285 2568 καὶ
1295 2502 1374 2592 ἀκρι-

303 2600 365 2683 6ῶς
387 2605 519 2672 ἐνταῦθα
541 2607 695 2702 ἐμαχήθη.
710 2611 782 2685 Τοῖς
806 2608 860 2699 μὲν
882 2606 940 2701 γάρ
965 2607 1122 2699 πολεμίοις
1139 2609 1220 2700 ἀμφὶ
1233 2610 1291 2680 τὴν
1312 2599 1374 2692 διά-

304 2707 392 2778 όασιν
408 2722 464 2778 τοῦ
478 2723 623 2803 ποταμοῦ
642 2713 897 2804 ἀσχολουμένοις,
910 2714 939 2780 οἱ
953 2699 1090 2809 Ρωμαῖοι
1105 2713 1293 2805 ἐπιθέμενοι,
1308 2739 1374 2804 συχ-

302 2819 370 2895 νοὺς
381 2822 486 2886 αὐτῶν
492 2819 684 2886 ἀπέκτειναν·
696 2820 768 2896 τοὺς
779 2811 814 2884 δὲ
823 2821 949 2897 λοιποὺς
960 2824 1078 2901 αὐτῶν,
1089 2810 1214 2902 διάτῶν
1227 2820 1374 2912 σωμάτων

302 2935 364 2990 τῶν
396 2925 607 2991 πεπτωκότων
636 2924 767 3019 θρασέως
794 2915 960 2991 διαόαίνειν
985 2929 1236 3018 ἐπιχειροῦντας,
1264 2927 1374 3010 βέλεσιν

302 3031 476 3104 ἀπήλασαν·
502 3029 553 3095 καὶ
579 3030 652 3106 τοὺς
682 3021 744 3103 ήδη
772 3022 1025 3114 διαάεόηκότας,
1051 3031 1200 3119 πάντοθεν
1224 3031 1254 3098 οἱ
1271 3033 1374 3107 ιὶππεῖς

301 3137 501 3227 πιριςοίντες,
521 3127 760 3227 διέφθειραν.οἱ
788 3127 824 3202 δὲ
843 3139 984 3228 πολέμιοι
1007 3148 1064 3215 τῆς
1082 3164 1116 3204 τε
1137 3148 1194 3205 τοῦ
1212 3145 1374 3228 κατασχεῖν

300 3245 356 3316 τήν
374 3243 482 3326 πόλιν,
497 3241 548 3307 καὶ
562 3251 618 3308 τοῦ
633 3233 653 3306 δ
656 3237 799 3307 ιαόαίνειν
814 3243 868 3308 τὸν
880 3244 1043 3335 ποταμὸν,
1058 3235 1183 3321 ελπίδος
1196 3245 1375 3334 σφαλέντες,

257 3335 264 3359 ⁶
299 3349 372 3426 τοός
384 3374 420 3414 τε
430 3333 591 3438 θωμαίους
606 3346 646 3424 εἰς
660 3340 833 3438 δυσχωρίαν
852 3358 910 3414 τοῦ
922 3347 1074 3441 μάχεσθαι
1085 3353 1173 3416 ἕνεκα
1184 3342 1225 3415 ὀὐ
1245 3336 1375 3442 προῖένοιι

299 3457 565 3536 κατανοήσαντες,
580 3445 689 3528 ἐπειδή
702 3478 737 3521 τε
750 3445 812 3526 ήδη
829 3454 941 3532 αὐτοὺς
954 3460 971 3520 ὁ
986 3462 1070 3534 σῖτος
1084 3455 1263 3543 ἐπέλειπον,
1278 3460 1376 3527 ἐκκλη·

300 3559 367 3626 σίαν
388 3562 442 3652 μὲν
461 3563 656 3634 ἐποιήσαντο
673 3558 806 3636 ἐνταῦθα
825 3550 860 3627 δὲ
879 3559 1026 3653 κράτιςον
1045 3557 1119 3628 εἷναι
1139 3564 1253 3656 ἔγνων,
1269 3561 1310 3639 εἰς
1324 3564 1374 3635 τήν

299 3671 411 3733 ἑαυτοῦ
433 3658 573 3758 πατρίδα
596 3667 707 3742 έκαςον
732 3667 903 3749 ἐπανιέναι,
916 3666 968 3734 καὶ
986 3666 1028 3744 εἰς
1047 3665 1087 3734 ὧν
1108 3669 1209 3760 χώραν
1229 3668 1373 3759 πρότερον

266 3821 270 3837 .
299 3773 327 3838 οἱ
345 3759 483 3864 Ρωμαῖοι
496 3766 695 3864 ἐμόιίλλοιεν,
709 3773 842 3840 ἐνταῦθα
866 3772 1016 3844 πάντοθεν
1035 3768 1175 3858 όοηθεῖν,
1189 3775 1240 3841 ίνα
1261 3778 1374 3864 μᾶλλον

299 3881 328 3944 ἐν
348 3889 388 3972 τῇ
403 3886 501 3970 σφῶν,
515 3877 533 3951 ἢ
548 3881 578 3944 ἐν
598 3887 639 3969 τῇ
654 3876 755 3945 ἀλλων
775 3883 862 3972 χώρᾳ
879 3879 1044 3972 μάχοιντο,
1059 3879 1110 3947 καὶ
1131 3892 1178 3967 τῷ
1198 3881 1283 3968 σφῶν
1301 3878 1374 3963 σίτῳ

300 3984 340 4062 εἰς
356 3986 393 4050 τὸ
407 3981 464 4062 τὰς
480 3982 590 4063 οἰκείας
606 3976 749 4078 δυνάμεις
763 3988 881 4078 τρέφειν
895 3989 1074 4080 χρήσαιντο.
1089 3989 1192 4053 Τοῦτο
1208 3975 1244 4050 δὲ
1258 3983 1374 4077 μάλιςα

298 4089 423 4158 πάντων
439 4092 549 4168 αὐτοὺς
565 4090 604 4168 είς
623 4093 660 4158 τὸ
680 4102 783 4158 ταῦτα
802 4098 896 4160 ποιεῖν
913 4094 1141 4185 προύτρέπετο,
1156 4095 1206 4160 ότι
1220 4091 1248 4158 οἱ
1261 4089 1371 4158 Βελλό·
