3000 5025
308 456 383 530 318
685 456 1002 527 PLUTARCHI

305 593 408 685 μάχην
425 588 609 683 ὁρμητήριον
623 590 676 656 καὶ
690 593 867 684 καταφυγή.
882 590 1068 679 Πονουμένῳ
1082 581 1113 654 δ’
1132 591 1219 675 αὐτῷ
1239 588 1313 691 περὶ
1323 598 1395 653 ταύ-

305 726 364 781 τα,
378 700 500 791 Καῖσαρ
515 687 642 774 ὑλώδεις
667 697 782 775 τόπους
804 695 857 764 καὶ
880 691 1055 790 προσύολδις
1081 695 1239 789 άφράςους
1265 696 1392 785 ἔχοντας

305 804 455 898 ἀμηχάνῳ
470 802 560 896 τάχει
575 794 717 888 διελθὼν,
727 805 800 883 τοὺς
815 804 868 898 μέν
883 805 1050 871 ἐκυκλοῦτο
1059 850 1069 883 ,
1078 808 1143 881 τοῖς
1155 794 1189 870 δὲ
1201 796 1393 895 προσέόαλλε
1482 825 1483 880 3

305 909 389 979 κατὰ
415 911 512 1003 ςόμα.
539 906 736 1003 Τρεθάμενος
763 902 798 976 δὲ
821 913 971 992 τούτους,
995 905 1108 1004 ἐχρῆτο
1140 918 1187 997 τῷ
1214 916 1313 1002 καιρῶ
1345 908 1393 974 καὶ
1482 933 1483 942 ’

305 1028 347 1092 τῆ
376 1019 456 1111 ῥύμῃ
484 1028 541 1096 τῆς
569 1020 676 1108 τύχης·
698 1020 749 1109 ὑφ’
773 1014 809 1096 ἧς
834 1011 978 1084 αύτοόοεὶ
1000 1018 1054 1110 μὲν
1084 1021 1150 1109 ᾕρει
1170 1016 1208 1084 τὸ
1235 1004 1391 1107 Ᾱφρανίου
1482 1021 1483 1088 J

306 1115 538 1214 στρατόπεδον,
555 1119 699 1191 αὐτούοεὶ
725 1115 778 1209 δὲ,
799 1126 965 1218 φεύγοντος
987 1109 1079 1206 Ῐόύα,
1094 1116 1247 1216 διεπόρθει
1270 1122 1311 1188 τὸ
1333 1129 1392 1187 τῶν
1482 1155 1483 1162 1

304 1222 489 1325 Νομάδων,
516 1233 631 1324 ἡμέρας
657 1226 765 1323 (μὲν)
789 1235 860 1322 μιᾶς
883 1232 966 1323 μέρει
996 1239 1094 1323 μικρῷ
1128 1238 1220 1323 τριῶν
1256 1254 1393 1321 στρατο·

304 1330 408 1405 πέδων
428 1336 580 1430 ἐγκρατὴς
598 1339 748 1432 γεγονὼς,
767 1336 819 1403 καὶ
841 1335 1138 1431 πεντακισμυρίουςι
1157 1347 1219 1403 τῶν
1237 1335 1391 1428 πολεμίων

303 1446 477 1539 ἀνῃρηκώς,
493 1436 566 1511 οὐδὲ
578 1447 775 1520 πεντήκοντα
786 1451 849 1511 τῶν
864 1435 949 1511 ἰδίων
968 1439 1133 1512 άπέύαλεν.
1153 1444 1195 1509 Οἱ
1215 1442 1269 1535 μὲν
1289 1452 1393 1509 ταῦτα

304 1551 374 1645 περὶ
392 1561 449 1627 τῆς
464 1560 567 1644 μάχης
581 1550 694 1629 ἐκείνης
712 1552 964 1646 ἀναγγέλλουσιν.
980 1552 1022 1617 Οἱ
1040 1543 1071 1617 δ’
1090 1555 1124 1618 ού
1141 1549 1232 1642 φασὶν
1252 1552 1350 1616 αὐτὸν
1364 1552 1391 1614 ἐν

304 1666 351 1744 τῶ
362 1660 440 1752 ἔργῳ
452 1659 607 1752 γενέσθαι,
623 1658 853 1738 συντάττοντος
866 1651 968 1732 δὲτὴν
983 1656 1115 1752 ςρατιὰν
1130 1656 1182 1724 καὶ
1193 1649 1394 1749 διακοσμοῦν

304 1791 360 1843 τος
379 1760 517 1854 ἅψασθαι
537 1766 574 1832 τὸ
596 1764 719 1843 σύνηθες
737 1766 877 1859 νόσημα*
897 1766 951 1832 τὸν
975 1757 1023 1849 δ’,
1038 1764 1122 1843 εὐθὺς
1141 1763 1321 1856 αἰσθόμενον
1340 1763 1391 1857 άρ·

303 1874 453 1963 χομένυυ,
467 1872 537 1966 πρὶν
553 1871 798 1965 ἐκταράττεσθαι
816 1871 868 1939 καὶ
888 1867 1180 1965 καταλαμύάνεσθαι
1193 1870 1391 1937 παντάπασιν

304 1979 364 2045 ὑπὸ
381 1988 436 2046 τού
453 1979 569 2056 πάθους
584 1981 641 2052 την
661 1978 816 2065 αἴσθησιν,
830 1971 892 2052 ἤδη
912 1979 1066 2072 σειόμενον
1080 1978 1121 2068 εἵς
1142 2004 1213 2045 τινα
1230 1985 1294 2044 τῶν
1312 1984 1391 2051 πλη-

305 2082 376 2150 σίων
397 2087 519 2179 πύργων
539 2085 737 2166 κομισθῆναι,
752 2084 804 2151 καὶ
827 2075 986 2181 διαγαγεῖν
1003 2089 1034 2151 ἐν
1053 2084 1176 2178 ἠσυχίᾳ.
1191 2088 1263 2151 Τῶν
1280 2074 1321 2150 δὲ
1339 2110 1390 2152 πε-

303 2192 460 2285 φευγότων
480 2195 515 2258 ἐκ
533 2202 589 2269 τῆς
609 2192 711 2283 μάχης
731 2196 891 2259 ὑπατικῶν
921 2192 973 2261 καὶ
991 2203 1187 2288 ςρατηγικῶν
1211 2181 1351 2283 ἀνδρῶν,
1364 2190 1391 2257 οἱ

303 2298 357 2389 μὲν
373 2299 499 2376 ἑαυτοὺς
518 2290 688 2391 διέφθειραν
704 2300 917 2392 ἁλισκόμενοι,
932 2301 1058 2392 συχνοὺς
1075 2290 1111 2366 δὲ
1125 2303 1248 2392 Καῖσαρ
1262 2300 1388 2366 ἔκτεινεν

302 2402 434 2483 ἁλόντας
443 2401 465 2473 ².
987 2411 989 2416 ’

307 2559 311 2567 1
342 2551 344 2556 ·
356 2513 448 2581 LIV.
463 2513 602 2581 Κάτωνα
611 2503 760 2580 δέλαύεῖν
775 2508 878 2594 ζῶντα
888 2518 1159 2609 φιλοτιμούμενος,
1172 2504 1303 2582 ἐσπευδε
1316 2516 1388 2607 πρὸς

303 2602 424 2691 Ῐτύκην·
441 2618 554 2693 ἐκείνην
576 2618 634 2714 γὰρ
654 2622 907 2713 παραφυλάττων
927 2626 984 2697 τὴν
1005 2625 1112 2705 πόλιν,
1128 2626 1162 2689 οὐ
1181 2625 1316 2714 μετέσχε
1335 2631 1387 2688 τοῦ

301 2724 428 2820 ἀγῶνος.
443 2725 619 2818 Πυθόμενος
640 2718 686 2810 δ’,
707 2735 747 2804 ὡς
771 2730 880 2796 ἑαυτὸν
901 2736 918 2796 ό
937 2731 1012 2822 ἀνὴρ
1045 2721 1265 2823 διεργάσαιτο,
1295 2720 1386 2804 δῆλος

302 2832 356 2922 μὲν
369 2828 405 2904 ἦν
422 2823 562 2925 δηχθεὶς,
577 2835 623 2923 ἐφ’
641 2826 725 2919 ὧδ’,
741 2826 870 2908 άδηλον.
882 2830 961 2903 Εἷπε
978 2828 1008 2902 δ’
1022 2833 1084 2903 οὖν·
1096 2870 1109 2893 «
1122 2811 1154 2902 ίλ
1165 2833 1305 2918 Κάτων,
1320 2834 1387 2926 φθσ·

306 2966 323 3000 (ι
345 2947 388 3003 νῶ
405 2965 452 3005 σοι
472 2950 529 3007 τοῦ
548 2938 692 3007 θανάτου·
712 2941 765 3008 καὶ
793 2938 851 3037 γάρ
875 2945 912 3009 σύ
935 2969 988 3035 μοι
1006 2953 1063 3020 τῆς
1082 2940 1235 3035 σωτηρίας
1259 2942 1386 3032 ἐφθόνη-

305 3072 323 3112 t<
341 3069 395 3122 σας
405 3028 428 3110 ³.
448 3074 465 3110 >t
485 3031 524 3110 O.
535 3046 588 3138 μὲν
604 3043 655 3112 οὖν
670 3046 753 3139 μετὰ
769 3059 873 3116 ταῦτα
890 3048 1014 3144 γραφεὶς
1028 3051 1081 3115 ὑπ’
1099 3053 1195 3115 αὐτοῦ
1217 3050 1295 3141 πρὸς
1318 3047 1384 3114 Κά-

300 3175 386 3218 τωνα
393 3150 548 3220 τεθνεῶτα
554 3153 646 3247 λόγος
657 3145 903 3248 ούδοκεῒπράως
918 3159 1059 3248 ἔχοντος,
1065 3147 1132 3222 οὐδ’
1142 3146 1196 3221 εύδ
1199 3156 1383 3237 ιαλλάκτως,

299 3264 422 3351 σημεῖον
437 3253 522 3324 εἶναι.
535 3260 609 3336 Πῶς
624 3257 682 3355 γὰρ
702 3255 737 3327 διν
759 3261 902 3352 ἐφείσατο
920 3257 1052 3345 ζῶντος,
1063 3261 1104 3340 εἰς
1127 3261 1313 3336 ἀναίσθητον
1335 3265 1382 3328 ἐκ·

298 3365 371 3455 χέας
385 3367 475 3460 ὀργὴν
498 3367 672 3451 τοσαύτην;
687 3369 735 3460 Τῇ
753 3360 789 3434 δέ
803 3370 878 3461 πρὸς
892 3370 1053 3462 Κικέρωνα
1070 3369 1122 3435 καὶ
1139 3371 1275 3461 Βρούτον
1290 3375 1382 3436 αὐτοῦ

299 3472 351 3538 καὶ
370 3469 492 3564 μυρίους
506 3467 616 3550 ἄλλους
633 3481 695 3539 τῶν
709 3477 973 3566 πεπολεμηκότων
988 3474 1133 3566 ἐπιεικείᾳ
1148 3475 1381 3570 τεκμαίρονται,

299 3576 351 3644 καὶ
364 3579 523 3672 τὸνλόγον
537 3573 663 3662 ἐκεῖνον,
678 3582 733 3645 οὐκ
756 3575 789 3658 ἐξ
812 3582 994 3674 ἀπεχθείας,
1008 3581 1089 3649 αλλὰ
1102 3581 1280 3674 φιλοτιμίας
1295 3589 1380 3650 πολι-

298 3693 403 3772 τικῆς,
420 3686 625 3776 συντετάχθαι
639 3676 692 3752 διὰ
707 3690 854 3763 τοιαύτην
870 3688 982 3756 αἰτίαν.
996 3669 1123 3783 Κγραψε
1141 3690 1279 3782 Κικέρων
1294 3691 1381 3784 ἐγκώ-

342 3910 367 3944 ι.
376 3892 475 3944 Decem
484 3891 567 3943 millia
578 3889 644 3944 dicit
654 3905 747 3946 auctor
759 3893 817 3964 qui·
865 3909 973 3967 quutus.
984 3895 1045 3947 Lib.
1055 3893 1089 3947 de
1099 3896 1174 3948 Bello
1183 3895 1324 3962 Africano,
1334 3893 1377 3949 85.

298 3971 427 4042 cumque,
440 3971 487 4025 lib.
504 3969 538 4024 de
553 3971 618 4024 Bell.
632 3972 689 4024 Afr.
707 3976 754 4026 86.
819 3974 822 3980 '
907 3977 934 4029 3.
951 3975 1060 4031 Plenius
1076 3975 1211 4029 Plutarch.
1225 3976 1253 4028 iu
1267 3971 1381 4045 Cut.7u;'

246 4118 250 4127 ι
341 4070 366 4104 τ.
394 4053 465 4103 Iram
489 4052 579 4124 potius
607 4065 814 4120 veteranorum,
863 4053 1378 4127 App.11,98,99;Bell.Asr.88;Dio

299 4149 379 4204 quam
406 4133 525 4184 innatam
555 4131 742 4186 crudelitatem
773 4153 813 4214 nef
864 4135 1201 4202 cass.u111,10-13.
