3000 5025
346 464 422 552 430
638 467 675 534 C.
699 467 853 534 'JULll
882 464 1120 532 CAESARIS

345 589 586 692 εὐθυδρομήσαι,
602 597 682 666 ἀλλὰ
697 597 737 676 εἰς
762 599 817 666 τὸν
837 598 929 678 αὐτὸν
941 649 951 680 ,
962 590 995 673 ἐξ
1013 594 1047 664 οὖ
1067 594 1262 686 ἀνήχθησαν,
1275 596 1330 661 ὑπὸ
1350 605 1400 663 τοῦ

346 706 458 797 ἀνέμου
472 697 637 781 ἐξωσθῆναι
649 705 769 796 λιμένα·
786 700 844 782 τὰς
861 694 895 770 δὲ
907 700 1019 781 λοιπὰς
1039 701 1143 780 παίσας
1155 703 1280 769 πάντων
1300 711 1400 768 σκευῶν

346 810 616 902 καθωπλισμένας,
626 809 677 878 καὶ
689 800 751 884 ήδη
766 817 851 877 πλεῖν
868 810 1154 902 παρεσκευασμένας
1167 805 1259 898 εὗρεν.
1272 792 1402 873 Ἐνταῦθα

346 918 399 1010 μὲν
421 916 521 994 πάσης
545 927 600 994 τῆς
618 916 775 994 Γαλατίας
795 917 895 993 ἱππεῖς
914 916 1174 1009 τετρακισχίλιοι,
1188 913 1240 980 καὶ
1260 914 1287 980 οἱ
1308 924 1400 980 πασῶν

346 1031 407 1088 τῶν
421 1033 477 1100 πῶς
494 1024 651 1102 Γαλατίας
664 1024 783 1092 πόλεων
798 1018 944 1115 ἄρχοντες
960 1022 1117 1096 συνῆλθον·
1133 1018 1173 1086 ὧν
1189 1017 1269 1087 παίνυ
1285 1019 1400 1114 ὀλίγους,

345 1129 396 1196 καὶ
411 1131 540 1206 τούτους
559 1131 630 1208 τοὺς
647 1133 787 1207 εὐνοϊκῶς
802 1133 905 1215 ἑαυτῷ
922 1129 1042 1221 μοίλιςα
1058 1129 1206 1218 ἔχοντας,
1223 1125 1400 1193 καταλείπειν

345 1238 373 1302 ἐν
395 1246 434 1309 τῆ
453 1234 594 1327 Γαλατίᾳ
613 1228 764 1311 διενοήθη·
780 1228 903 1314 τοὺςδὲ
916 1237 1042 1312 λοιποὺς
1061 1234 1203 1312 ἅπαντας
1222 1233 1287 1324 μεθ’
1304 1237 1401 1300 ἑαυτοῦ

346 1341 385 1420 είς
407 1344 463 1414 τήν
481 1340 688 1434 Βρηταννίαν,
703 1346 733 1410 ἐν
758 1345 846 1436 χώρᾳ
871 1345 994 1435 ὁμήρων
1016 1339 1099 1436 ἄγειν
1120 1332 1341 1422 ἐύουλεύσατο,
1354 1343 1400 1413 τήν

345 1458 400 1526 τῆς
417 1447 572 1526 Γαλατίας
591 1449 743 1525 οἱπύςασιν
759 1452 789 1516 ἐν
813 1459 853 1543 τῇ
872 1455 968 1517 αὑτοῦ
982 1446 1116 1538 ἀπουσία
1134 1441 1330 1538 ρούούμενος,

397 1556 457 1623 Vl.
478 1541 520 1620 Εν
536 1561 600 1632 τοῖς
614 1551 718 1634 ἄλλοις
734 1546 770 1622 δὲ
789 1557 909 1647 μαλιςα
924 1555 1123 1648 Δουμνόρυγα
1136 1555 1191 1620 τὸν
1201 1539 1334 1634 Εδουέα,
1344 1550 1400 1643 περὶ

345 1659 379 1728 οὗ
397 1651 592 1742 δεδηλωται,
608 1672 719 1729 τοῦτον
742 1665 895 1755 νεωτέρων
917 1661 964 1730 ’ἀεὶ
977 1660 1185 1752 ἐπιθυμοῦντα
1197 1657 1400 1754 πραγμάτων,

345 1766 395 1834 καὶ
410 1761 568 1845 ῶασιλείας-
580 1768 778 1862 ὀρεγόμενον,
790 1770 871 1863 μέγα
883 1793 916 1833 τε
931 1769 1073 1861 φρόνημα
1088 1768 1217 1858 ἔχοντα,
1229 1763 1280 1833 καὶ
1289 1771 1399 1842 πλεῖςον

344 1871 428 1968 παρὰ
448 1881 511 1951 τοῖς
536 1875 665 1952 Γαλλοις
691 1866 857 1967 δυνάμενον
878 1876 987 1967 γνοὺς,
1002 1874 1079 1966 πρὸς
1102 1876 1226 1951 τούτοις
1250 1898 1285 1938 τε
1306 1874 1399 1938 ἐκεῖνον

343 1981 372 2045 ἐν
390 1972 510 2064 συνόδῳ
537 1987 598 2046 τῶν
619 1966 762 2047 Εδουέων
781 1980 893 2063 εἰπεῖν,
912 1988 975 2046 τῶν
998 1965 1140 2047 Εδουέων
1164 1971 1293 2046 ῶασιλέα
1306 1978 1398 2045 ἑαυτὸν

344 2088 396 2154 ὑπ’
411 2089 505 2152 αὐτοῦ
524 2095 581 2152 τοῦ
607 2086 761 2179 Καίσαρος
783 2078 1051 2178 ἀποδεδεῖχθαι,(
1071 2084 1104 2152 ὂν
1123 2088 1216 2180 λόγον
1240 2085 1268 2152 οἱ
1291 2069 1399 2160 Εδονεῖς

344 2189 452 2282 καίπερ
469 2185 583 2284 ύαρέως
604 2194 766 2282 φέροντες,
783 2198 865 2286 ὅμως
885 2187 1027 2288 πρέσῶεις
1046 2193 1122 2284 πρὸς
1141 2194 1198 2258 τὸν
1216 2187 1400 2284 Καίσαρα,ἢ

346 2306 401 2364 τοῶ
414 2297 627 2390 παραιτεῖσθαι
641 2300 770 2385 τοῦτ’,ἢ
784 2310 841 2368 τοῦ
853 2299 1038 2366 ἀπωθεῖσθαι
1053 2300 1107 2366 τὸν
1122 2300 1402 2392 Δουμνόρυγαίνεκα

344 2404 473 2494 πέμπειν
495 2406 549 2471 οὐκ
569 2402 824 2499 ἐτολμων)παρὰ
842 2416 904 2472 τῶν
925 2411 1035 2472 ἑαυτοῦ
1054 2399 1177 2484 ξένωνθ
1196 2407 1318 2497 Καῖσαρ
1336 2405 1402 2473 οἱκο·
1427 2463 1440 2480 .,

344 2511 441 2593 κοῖος,
456 2513 530 2605 πρὸς
546 2514 658 2579 ἑαυτὸν
670 2513 716 2579 ἀεὶ
731 2516 811 2605 ἔχειν
825 2504 978 2587 διενοήθη.
993 2497 1023 2578 O
1036 2504 1073 2581 δὲ
1090 2505 1267 2606 Δούμνορυξ
1283 2511 1320 2577 τὸ
1336 2517 1402 2605 πρῶ

342 2643 397 2685 τον
416 2618 470 2709 μὲν
493 2628 548 2687 τοῦ
563 2620 592 2687 ἐν
614 2630 654 2712 τῇ
674 2618 816 2712 Γαλατία
834 2618 1071 2699 ἀπολείπεσθαι,
1089 2618 1174 2711 ποίση
1188 2627 1314 2711 μηχανῆ
1331 2614 1401 2709 παρὰ

343 2734 400 2793 τοῦ
421 2724 575 2817 Καίσαρος
594 2729 785 2808 κατέτεινεν,
811 2724 854 2792 τὰ
878 2728 950 2819 μὲν,
965 2717 1019 2793 διὰ
1041 2728 1097 2799 τήν
1124 2730 1236 2793 ἑαυτοῦ
1257 2732 1314 2791 τοῦ
1330 2729 1399 2790 πλεῖν

344 2831 487 2914 ἀήθειαν,
504 2832 556 2900 καὶ
571 2834 608 2901 τὸ
629 2833 691 2901 ἀπὸ
714 2845 770 2911 τῆς
786 2831 943 2913 θαλάσσης
958 2824 1037 2913 δέος·
1060 2829 1103 2899 τὰ
1122 2823 1158 2899 δὲ
1179 2829 1231 2898 καὶ
1250 2829 1400 2920 κωλύεσθαι

343 2939 402 3005 ὑπὸ
422 2949 477 3016 τῆς
496 2937 654 3033 θρησκείας
675 2933 946 3034 προφασιζόμενος.
975 2927 1095 3014 Επειδὴ
1117 2932 1152 3007 δὲ
1171 2950 1268 3007 τοῦτο
1293 2935 1398 3022 αὐτῶθ

342 3045 462 3136 Καῖσαρ
476 3040 617 3137 οἶντικρυς
636 3051 774 3139 ἠρνεῖτο,
790 3038 933 3140 οὐδεμίαν
950 3050 1004 3115 ἔτι»
1014 3044 1111 3119 ἄλλην
1126 3037 1240 3115 ἐλπίδα
1259 3055 1314 3113 τοῶ
1328 3042 1399 3111 τοῦτ’

343 3148 589 3241 οἱπυκομίσασθαι
610 3156 788 3245 ποιούμενος
801 3160 819 3221 ὀ
834 3147 1026 3247 Δούμνορυξ,
1043 3156 1120 3245 πρὸς
1138 3152 1210 3230 τοὺς
1232 3162 1290 3230 τῖς
1311 3152 1399 3218 Γαλα·

342 3254 410 3333 τίας
434 3248 570 3336 δυνήςας
589 3264 739 3327 τελευτῶν
766 3259 937 3350 ἐτράπετο,
956 3259 1007 3328 καὶ
1025 3264 1155 3337 ἑκάςους
1173 3260 1237 3327 ἀπὸ
1258 3269 1315 3326 ποῶ
1330 3255 1398 3325 Καί·
1474 3269 1475 3278 ’

342 3386 432 3454 σαρος
456 3365 624 3447 ἀπεκαλει,
645 3366 695 3433 καὶ
720 3378 776 3435 τοῦ
797 3369 827 3432 ἐν
855 3377 895 3459 τῇ
921 3366 1037 3458 ήπείρῳ
1063 3366 1243 3457 καταμένειν
1264 3369 1397 3459 παρήνει,

338 3469 423 3562 λόγῳ
442 3474 672 3565 καταπλήμτων
702 3474 829 3555 αὐτοὺς,
842 3477 882 3551 ῶς
902 3477 960 3541 οὐκ
986 3470 1057 3541 ἄνευ
1081 3471 1181 3549 αἰτίας
1205 3472 1330 3540 πάντων
1347 3478 1396 3536 τῶν

342 3564 483 3653 δυναςῶν
504 3584 522 3652 ή
544 3577 686 3646 Γαλατία
703 3581 762 3647 ὑπὸ
787 3590 843 3647 τοῦ
865 3580 1021 3673 Καίσαρος
1045 3577 1226 3673 ἐγυμνοῶτο.
1251 3576 1395 3668 Amph

340 3679 418 3775 γὰρ,
433 3683 508 3772 ἔφη,
523 3683 585 3761 ἑςὶν
604 3690 622 3758 ή
642 3687 747 3778 γνώμη
764 3696 820 3753 τοῦ
835 3683 1006 3780 Καίσαρος,
1020 3696 1077 3753 τοῦ
1092 3684 1135 3763 εἰς
1154 3687 1212 3758 τήν
1227 3680 1395 3779 Βρηταννίαν

338 3778 615 3872 διαῶιύασθίντας,
636 3788 686 3869 οθς
712 3794 741 3857 ἐν
768 3802 807 3886 τῇ
834 3790 975 3883 Γαλατία
1002 3794 1133 3883 φονεύειν
1156 3794 1190 3858 οὐ
1216 3796 1334 3884 τολμᾷ,
1358 3789 1395 3853 ἓν·

341 3894 440 3963 ταῶθα
465 3894 664 3965 ἀποκτείνειν.
691 3897 784 3989 Παρά
806 3924 840 3967 τε
867 3909 930 3966 τῶν
956 3904 1072 3966 λοιπῶν
1099 3902 1207 3992 ὅρκους
1231 3898 1282 3965 καὶ
1311 3888 1394 3972 δεξιὰς

337 3996 549 4093 ε’λσίμῶανεν·ἦ
566 4006 623 4095 μήν
640 4001 811 4098 ἃώφέλιμα
825 4000 899 4075 εἶναι
909 4016 950 4079 τῆ
960 4003 1101 4091 Γαλατίᾳ
1114 4006 1300 4098 γινώσκοιεν,
1309 4010 1393 4068 ταῦτα

337 4117 426 4202 κοινῇ
439 4100 626 4204 διαπρήξειν.
