3000 5025
287 480 358 549 DE
386 481 515 550 VITA
540 470 690 553 JULlI
717 488 964 563 CAESARIS.
1104 502 1173 597 147

117 615 245 683 amicitia
266 615 433 682 continuit
448 617 696 702 Romanorum,
714 618 777 689 hos
801 625 916 694 tertios
938 625 1089 697 locorum
1111 631 1177 703 dis-

115 722 221 808 tantia,
248 736 283 789 et
305 740 387 796 suus
411 720 523 806 labor,
541 746 641 816 quem
663 726 876 819 patiebantur
893 754 935 801 eo
953 746 1106 829 tempore
1134 740 1179 809 ab

114 828 286 897 incursibus
312 830 579 897 Germanorum:
597 854 671 924 quae
689 856 741 901 res
761 847 834 904 toto
853 834 927 908 illos
945 838 1033 911 bello
1049 845 1177 916 medios

30 956 32 1031 g
113 936 220 1024 tenuit,
232 949 270 1003 ut
285 936 321 1003 in
340 949 494 1003 neutram
513 950 644 1031 partem
659 938 867 1013 inclinarent.
886 948 928 1013 In
945 962 1080 1019 cusanc
1096 977 1176 1021 oon·

30 1072 32 1135 ᾗ
112 1040 193 1129 cilio,
216 1042 394 1111 commissa
418 1046 600 1137 questione
621 1044 811 1141 suffragiis,
833 1072 999 1123 consensu
1025 1061 1176 1129 oninium

30 1200 32 1253 ζ
112 1148 302 1243 populorum
320 1150 575 1244 Vercingetorix
592 1149 670 1221 belli
692 1152 761 1222 dux
781 1155 990 1229 decernitur:
1007 1165 1102 1257 eujus
1117 1167 1174 1236 de·

30 1254 32 1329 l
111 1260 179 1323 creti
200 1256 331 1349 pudore
354 1256 451 1325 simul
479 1278 518 1327 ac
547 1280 691 1329 moerore
722 1268 924 1334 consternati
953 1260 1067 1357 AEdui,
1095 1287 1129 1340 et
1156 1298 1175 1341 e

111 1383 160 1455 spe
170 1362 320 1458 improba
335 1360 468 1455 dejecti,
489 1378 562 1433 turn
576 1366 723 1459 primum
740 1378 775 1437 et
789 1388 991 1466 cognoscere
1008 1378 1175 1447 Caesarem

30 1530 31 1547 ,
110 1484 271 1563 ceperunt
292 1483 327 1537 et
349 1468 519 1539 fortunam
543 1495 646 1541 suam.
669 1474 749 1543 Non
768 1489 880 1546 tamen
899 1480 941 1547 ab
957 1482 1104 1578 incoepto
1123 1510 1175 1554 re·

30 1554 32 1605 l
109 1574 182 1645 silire
201 1576 290 1665 ausi,
308 1576 388 1645 bino
410 1578 566 1666 Caesaris,
587 1578 666 1647 hinc
684 1579 860 1651 Gallorum
876 1600 993 1655 metu:
1016 1604 1089 1657 turn
1108 1594 1175 1686 pri·

30 1692 32 1755 l
109 1706 187 1753 mum
206 1706 342 1778 quoque
365 1683 484 1752 tumidi
510 1684 735 1756 adolescentes
754 1691 975 1783 Eporedorix·
987 1708 1022 1763 et
1042 1697 1176 1767 Virido-

108 1814 206 1859 marus
242 1790 452 1885 indignantes
486 1804 667 1885 agnoscere
696 1809 901 1888 potnerunt‚
932 1813 1058 1892 quanto
1091 1818 1178 1875 esset

107 1894 265 1967 honestius
281 1896 342 1965 sub
358 1898 488 1966 Caesare
502 1896 559 1967 tali
578 1902 671 1987 viro,
688 1914 722 1969 et
741 1901 784 1970 de
797 1904 845 1971 eis
861 1906 908 1974 ita
926 1908 1060 1996 merito,
1073 1928 1175 2003 quam

107 2004 157 2071 sub
165 2004 440 2099 Vercingetorige
449 2004 608 2074 adversus
622 2008 790 2076 Caesarem
802 2009 952 2080 militare.
966 2016 1043 2108 Ipse
1061 2020 1175 2088 antem

97 2100 221 2203 vpridem
241 2110 364 2200 factus,
385 2124 475 2179 nunc
501 2112 665 2201 refectus,
687 2114 845 2209 quodque
867 2132 918 2188 est
939 2118 1075 2210 fortius,
1093 2145 1174 2193 con-

105 2220 240 2287 tentione
275 2216 474 2287 reformatus
506 2220 687 2313 imperator
712 2222 988 2317 Vercingetorix;
1017 2253 1078 2297 suo
1103 2231 1174 2323 jain

104 2328 212 2395 certior
233 2324 276 2394 de
295 2338 397 2410 statu,
419 2325 487 2417 agit
501 2325 573 2416 jam·
586 2339 707 2394 cuncta
724 2326 897 2417 fidentius,
917 2331 1083 2427 edicitque
1100 2361 1173 2406 om-

105 2430 204 2522 nibus,
225 2446 265 2499 ut
290 2432 438 2525 equitum
461 2444 590 2506 certum
614 2454 793 2501 numerum
820 2434 1016 2527 conficiant3
1042 2442 1172 2514 obtem·
1226 2481 1230 2489 ·

103 2553 310 2632 peratumque
340 2536 427 2606 illico
452 2552 521 2624 est,
548 2537 736 2630 quindecim
767 2538 869 2610 millia
894 2547 1045 2638 equiturn
1072 2549 1172 2620 fnisse

103 2647 168 2714 satis
184 2645 370 2716 convenit:
395 2643 546 2738 peditatu
569 2665 648 2712 sane
674 2667 744 2713 non
773 2644 839 2714 alio
865 2671 967 2742 quam
987 2675 1087 2744 quem
1112 2656 1172 2724 ha·

102 2749 213 2824 buisset
234 2775 321 2848 opus
342 2773 414 2818 esse
426 2749 594 2844 professus
606 2763 672 2838 est,
685 2753 742 2843 qui
755 2754 926 2845 octoginta
940 2754 1079 2826 millium
1088 2777 1169 2830 erat.

101 2858 167 2928 Non
179 2885 213 2929 se
226 2873 340 2928 tamen
351 2855 456 2952 praelii
467 2856 636 2925 somenam
653 2858 732 2925 totis
750 2858 921 2953 his-'copiis
936 2876 1169 2958 experturum,
1215 2882 1217 2886 ’

102 2989 196 3060 neque
217 2989 289 3034 rem
300 2965 398 3058 juste
410 2965 666 3033 commissurum
677 2964 762 3032 aciei
777 2967 1032 3060 Vercingetorix
1045 2973 1169 3062 aiebam

101 3071 259 3168 sedqnum
268 3070 1169 3172 abundaretequitatu‚Romanospabuloexclusur'urn,

30 3195 50 3232 i·
101 3192 187 3274 atque
209 3181 256 3248 ite
278 3180 367 3248 viros
387 3179 488 3264 annis
505 3178 669 3264 invictos,
689 3177 799 3246 inedia
812 3199 853 3249 ac
873 3179 963 3249 fame
978 3185 1167 3259 victuram}

102 3308 195 3380 neque
218 3309 333 3354 arcere
354 3285 485 3354 hostem
509 3307 529 3351 a
555 3283 737 3353 frumentis.
750 3295 898 3374 tantum,
921 3287 979 3356 sed
1000 3289 1170 3364 frumenta

101 3390 160 3484 ipsa
173 3415 389 3486 corrumpere
404 3393 470 3460 suis
482 3404 705 3486 persuaserat,
720 3392 768 3460 sic
778 3393 916 3486 privatis
924 3397 1168 3490 temporalibus

100 3496 309 3576 incommodis
328 3512 525 3594 perpetuam
550 3495 718 3592 publicam
741 3496 927 3568 libertatem
945 3505 1051 3594 quterl
1071 3504 1166 3575 dicti-

30 3645 32 3680 r
101 3616 173 3676 tans.
200 3610 244 3677 Et
265 3621 343 3676 erat
373 3603 617 3674 tumultuarius·
639 3606 842 3698 imperator,
870 3606 1044 3679 ordinariis
1077 3613 1166 3683 curis

30 3721 32 3810 j
101 3711 347 3801 intentissimus,
369 3714 461 3808 quasi
481 3711 635 3808 legitimis
653 3711 737 3780 berre
754 3725 892 3782 moratae
906 3714 1091 3810 cujuspiam
1103 3720 1166 3814 rel-¹

30 3869 31 3888 1
100 3817 227 3910 publicae
240 3819 406 3915 suffragiis
415 3817 844 3915 adimperiumaccessisset
854 3823 948 3889 Inter
956 3821 1020 3890 alie
1030 3823 1166 3916 quidem

30 3907 32 3996 l
101 3922 323 4024 Allobrogibus
338 3921 480 4014 bellum,
497 3926 588 4021 quod
610 3947 687 3995 enm
707 3927 867 3995 Romanis
882 3928 1007 3996 sentire
1018 3935 1165 4027 eos-opt·
1188 3969 1192 3979 ¹

30 4081 31 4090 1
102 4031 246 4125 nabetur,
266 4034 443 4121 indicarit,‚-
464 4057 596 4128 unaque
616 4056 694 4101 curn
715 4031 818 4118 bello,
836 4035 970 4103 animes*
982 4059 1099 4132 eorum
1115 4059 1167 4107 see

102 4141 284 4211 arctioribus
291 4142 468 4214 nuntiisac
480 4141 649 4235 promissis
667 4151 775 4208 tentat
788 4141 1166 4240 ingentibus‚principes

925 4273 988 4343 10²
