3000 5025
43 690 46 855 l

317 442 389 513 oc
415 439 544 515 vrri
569 442 717 515 sunu
743 432 992 519 casinis.
1119 474 1192 549 ης

44 610 45 625 2
133 576 427 672 Vercingetorigem
450 570 656 647 cummulto
674 602 709 647 se
729 579 872 649 eontulit
891 584 1051 676 equitatu.
1079 585 1193 657 Cesar
1233 663 1236 669 ,

133 683 168 751 ad
182 683 358 753 Araricum
377 682 623 778 complusculos
649 684 719 754 dies
744 688 829 781 egit,
851 700 885 756 et
913 688 1083 759 humenti·
1099 689 1194 788 larga

134 789 172 858 ibi
194 792 287 885 copia
314 804 414 885 atque
437 792 586 861 omnium
609 806 859 862 commeatuum
880 792 1036 886 in'venta,
1069 795 1193 868 fessum

134 898 440 991 atqneesurientem
462 899 645 967 exercitum
669 900 841 969 recreavit.
864 900 966 992 lude,
985 902 1077 997 quod
1098 902 1194 976 bellis

43 1030 45 1099 ss
134 1016 235 1097 aptum
256 1018 390 1099 tempus
409 1005 563 1093 instaret,
585 1004 628 1074 ad
645 1005 778 1075 hostem
794 1008 844 1076 ire
861 1021 933 1077 tota
952 1023 1066 1079 mente
1081 1010 1192 1108 dispo·

43 1106 45 1165 ὲ
129 1111 217 1197 situs,
238 1124 276 1179 ut
298 1110 494 1199 inventum,
508 1110 562 1180 vel
582 1109 681 1180 taedio
703 1114 738 1179 in
758 1126 913 1207 apertum
933 1114 1067 1186 eliceret
1093 1134 1129 1188 et
1157 1122 1194 1187 in

127 1228 265 1311 ,pugnam
286 1232 442 1313 cogeret,
463 1217 516 1287 vel
542 1217 714 1293 obsidione
733 1219 923 1290 conficeret.
946 1224 1039 1292 Dum
1062 1222 1106 1291 ad
1127 1226 1194 1295 hoc

129 1324 185 1391 iter
202 1327 404 1420 accingitur,
425 1322 646 1419 legationibus
666 1324 853 1394 AEduorum
866 1343 1023 1398 exoratus
1044 1330 1088 1397 ad
1102 1355 1194 1401 com·

133 1430 289 1523 ponendas
315 1455 433 1499 eorum
460 1429 534 1499 lites
560 1444 594 1499 et
629 1433 884 1501 controversias·
901 1435 1096 1525 intestinas,
1120 1462 1196 1532 quae

131 1538 205 1605 inter
225 1536 309 1607 duos
331 1539 494 1632 primores
517 1536 634 1631 populi
655 1536 697 1605 de
716 1561 849 1607 summo
871 1542 1069 1633 magistratu
1094 1559 1194 1635 ortae,

132 1657 223 1713 totam
246 1646 366 1713 urbem
389 1642 524 1711 alternis
544 1642 711 1738 suffragiis
725 1645 915 1738 agitabant,
933 1662 1012 1717 ante
1026 1652 1140 1734 omnia
1152 1676 1195 1720 eo

131 1748 282 1845 proficisci
304 1752 451 1839 statuit3,
469 1775 538 1821 non
562 1752 697 1844 ignarus
725 1751 860 1845 quidem
886 1768 1031 1847 quanta,
1054 1780 1194 1851 praeser-

131 1842 180 1926 tiin
199 1860 233 1926 in
256 1858 361 1947 bello,
376 1858 510 1951 jactura
531 1858 572 1927 sit
593 1858 778 1951 temporis,
800 1872 964 1953 quantum
986 1862 1021 1930 in
1036 1860 1196 1936 dilatione

129 1964 317 2059 periculum;
334 1962 392 2034 sed
412 1965 552 2033 amicam
569 1966 689 2032 urbem
701 1962 898 2055 destituere,
916 1965 1042 2061 populo
1053 1992 1194 2041 romano

118 2080 215 2166 ‘seque
232 2072 408 2168 indignum
436 2071 687 2157 arbitrabatur,
715 2094 816 2164 quam
834 2071 904 2164 jam
936 2074 971 2143 in
992 2077 1093 2145 armis
1122 2102 1194 2174 esse

129 2177 204 2248 hanc
217 2179 261 2248 ob
281 2202 435 2264 causam,
447 2192 481 2245 et
502 2201 588 2273 pene
599 2177 670 2270 jam
684 2177 865 2273 confligere
879 2177 970 2249 mma
980 2197 1072 2270 erat;
1083 2208 1194 2287 neque

109 2326 112 2338 ·
129 2286 330 2355 inhonestum
346 2284 467 2371 modo,
486 2283 544 2352 sed
557 2282 782 2378 periculosum
801 2284 1002 2379 providebat
1020 2312 1095 2357 eam
1120 2316 1193 2360 rem

130 2392 298 2489 negligere,
318 2418 361 2461 ne
379 2389 536 2459 auxilium
558 2390 706 2459 fortassis
724 2391 767 2459 ab
787 2390 941 2462 hostibus
961 2418 1038 2487 pars
1054 2396 1193 2469 inferior

129 2499 315 2594 postularet;
330 2523 438 2593 neque
454 2498 557 2568 veteri
571 2492 636 2592 legi
650 2498 835 2568 amicorum
850 2496 918 2568 ulla
932 2498 966 2568 in
980 2516 1077 2596 parte
1094 2491 1192 2602 dero·

129 2631 195 2702 gare
210 2608 258 2678 fas
279 2606 442 2693 ducebat,
466 2629 571 2700 quum
598 2603 690 2674 nulla
711 2605 841 2672 ratione
865 2607 930 2675 sibi
951 2607 1093 2701 gradum
1112 2635 1192 2704 pars

128 2728 255 2812 utraque
270 2713 473 2799 vindicaret,
484 2712 584 2780 rebus
600 2709 757 2780 omnibus
770 2735 875 2805 regno
895 2735 971 2805 par,
983 2715 1046 2782 nisi
1064 2730 1162 2796 aetate
1180 2745 1190 2786 ε

128 2835 189 2900 erat
208 2825 297 2891 enim
315 2821 446 2889 animus
463 2819 621 2913 ingratus.
645 2817 875 2905 Quamobrem
890 2841 954 2887 nec
971 2819 1014 2887 ad
1031 2843 1066 2888 se
1079 2837 1192 2916 partes

129 2951 255 2998 evocare
277 2927 449 3014 sustinuit,
467 2949 575 3018 neque
593 2922 768 3018 indignum
788 2924 918 2994 censuit
938 2923 1128 3020 negotium,
1146 2931 1191 3018 ad

129 3035 207 3128 quod
227 3032 499 3131 componendum
522 3032 592 3126 ipse
603 3029 880 3126 proficisceretur.
895 3033 935 3099 In
948 3033 1074 3103 AEduos
1088 3035 1191 3131 igitur

128 3165 219 3234 quum
240 3143 401 3229 venisset,
417 3139 591 3234 Decetiam
609 3136 771 3232 oppidum
792 3152 827 3206 et
841 3152 974 3231 partes,
984 3153 1018 3209 et
1035 3157 1189 3213 senatum

129 3271 249 3318 omnem
269 3247 449 3318 convenire
467 3245 577 3340 jussit,
598 3258 632 3312 et
651 3269 796 3339 praesens
814 3242 945 3337 dejure
963 3248 1110 3341 partium
1131 3275 1190 3320 co·

130 3358 243 3446 gnovit,
251 3369 428 3450 metusque
436 3376 550 3422 omnes
563 3353 623 3421 sua
633 3352 832 3420 auctoritate
839 3355 1054 3446 compescuit.
1062 3356 1188 3428 Cotum

129 3459 597 3547 enimvirum'nobilissimum,
613 3471 646 3526 et
665 3459 767 3527 totius
782 3459 889 3553 gentis
904 3461 1188 3553 potentissimum,

129 3589 220 3660 quum
234 3581 386 3638 creatum
398 3580 515 3636 contra
531 3563 620 3662 leges
632 3565 730 3635 certis
741 3566 938 3634 testimoniis
952 3566 1188 3659 deprehendis·

130 3687 187 3760 set,
206 3675 323 3745 cedere
348 3700 355 3742 :
390 3671 691 3744 Conuictolitauem
717 3696 798 3741 vero
826 3674 889 3740 rite
913 3697 974 3767 per
999 3673 1187 3748 sacerdotes

130 3801 211 3850 more
225 3784 334 3878 patrio
350 3782 538 3850 institutum
559 3803 699 3874 praeesse
715 3780 912 3873 magistratu
923 3779 1115 3873 imperavit,
1130 3783 1188 3851 ob·

130 3896 404 3982 temperatumque
440 3899 608 3982 praecepto
637 3899 704 3974 est,
725 3887 807 3974 'sine
836 3883 904 3954 ullo
930 3907 1103 3956 murmure
1128 3904 1188 3958 aut

131 3993 251 4084 querela
270 3995 455 4065 {hortans
480 3993 600 4063 dehinc
625 3992 750 4062 AEduos
776 4007 815 4059 ut
838 3990 991 4061 civilibus
1015 3992 1187 4066 discordiis

131 4095 338 4190 abstinerent,
354 4121 427 4196 quae
445 4099 609 4196 pestiferae
625 4122 756 4192 semper
777 4098 1063 4192 magnisurbibus
1083 4125 1123 4171 ae
1139 4103 1187 4178 fu
1287 4088 1289 4095 ¹

176 4235 241 4303 ΙΙΙ.
574 4271 579 4280 -
978 4255 1003 4325 9
1116 4301 1119 4305 .
