3000 5025
202 506 206 522 ·
317 460 392 533 208
534 460 1174 535 LCELSICOMMENTARII

313 594 464 690 quamvis
483 608 517 664 et
534 609 616 665 tunc
629 596 729 665 etiam
747 595 849 681 vicit,
863 618 943 666 nam
957 607 995 663 et
1009 592 1144 664 obviam
1161 593 1275 663 navim
1293 592 1393 690 fregit

312 717 347 771 et
359 703 523 788 demersit.
543 704 589 772 At
602 701 683 771 durn
694 703 877 773 animosius
888 700 986 772 aliam
999 714 1173 795 perurget,
1185 697 1279 769 nullo
1290 723 1394 797 opem

312 808 457 897 ferente,
472 833 531 879 seu
545 807 636 903 quod
655 810 774 878 virtuti
792 809 868 902 ejus
882 807 967 877 adeo
981 807 1141 895 fiderent,
1158 822 1197 877 ut
1216 807 1394 877 crederent

311 917 435 986 auxilio
453 940 522 985 nen
544 940 657 1010 egere,
676 940 755 1001 seu,
772 914 864 1009 quud
884 916 995 1009 potius
1016 939 1111 1002 reor,
1128 928 1222 986 metu
1239 912 1314 983 illos
1336 914 1393 986 de-

311 1024 455 1109 tinente,
468 1022 635 1093 vincendo
650 1036 751 1116 atque
765 1021 971 1116 insequendo
980 1021 1128 1117 ‚deperiit
1142 1046 1246 1108 unus,
1258 1036 1293 1090 et
1306 1021 1394 1094 bene

310 1144 411 1225 gestu
430 1131 478 1199 rei
496 1127 629 1199 laudem
649 1128 791 1223 adeptus
809 1144 878 1215 est,
895 1142 1049 1200 mortem.
1071 1131 1156 1197 Erat
1175 1127 1266 1222 apud
1287 1130 1395 1200 ease

310 1260 384 1305 rem
396 1233 611 1321 Ptolemaeus,
625 1235 715 1329 quod
728 1234 894 1330 plerisque
907 1249 1028 1306 natura
1041 1237 1169 1321 evenit,
1183 1248 1279 1303 aetate
1292 1260 1395 1330 puer,

309 1340 488 1415 calliditate
518 1366 619 1413 senex
650 1367 689 1413 ac
716 1344 881 1436 nequitia;
900 1354 974 1409 erat
999 1356 1113 1412 autem
1141 1340 1227 1411 forte
1255 1366 1395 1435 sperans

309 1450 450 1543 gratiam
469 1451 609 1519 Caesaris
623 1450 775 1543 Pompeii
788 1448 1160 1540 morrepromeruisse:
1175 1448 1253 1517 huie
1267 1447 1395 1519 bellum

309 1579 350 1623 eo
369 1570 521 1650 tempore
536 1581 614 1625 cum
636 1548 818 1649 Cleopatra
833 1578 949 1623 sorore
965 1568 1039 1623 erat
1049 1568 1089 1627 ‚et
1109 1554 1252 1649 conjuge
1263 1608 1276 1641 ,
1289 1580 1394 1649 quam
1440 1610 1445 1619 .

309 1660 445 1756 quidam
463 1664 648 1731 incarcere
667 1676 748 1731 tunc
767 1662 869 1731 fuisse
886 1658 1107 1743 confirmant3
1125 1659 1184 1729 sed
1201 1660 1395 1756 ubieunque

309 1784 411 1857 esset,
427 1783 560 1839 constat
573 1754 649 1839 eam
659 1767 704 1837 ad
718 1771 885 1839 Caesarem
900 1780 1107 1862 penetrasse,
1119 1791 1221 1861 seque
1233 1768 1276 1836 ad
1290 1769 1394 1862 ipsius

309 1899 419 1969 genua
440 1876 638 1970 projecisse,
660 1889 831 1962 orantem,
846 1889 885 1943 ut
902 1875 932 1943 ei
949 1875 1197 1969 partemregni
1217 1876 1395 1954 restituere

305 1982 454 2075 juberet,
467 1996 507 2050 ut
517 1982 704 2051 eommunis
721 1995 922 2053 testamento
932 1982 1037 2074 patris
1051 1994 1189 2050 cautum
1198 1997 1394 2076 appareret,

309 2102 343 2160 et
356 2089 474 2182 petitio
484 2088 576 2181 justa
592 2102 682 2174 erat,
700 2102 735 2155 et
751 2088 890 2180 insignis
908 2086 1079 2159 forma...
1098 2085 1223 2162 Audite
1241 2088 1314 2181 ejus
1331 2091 1394 2159 im·

308 2196 423 2288 perio,
436 2208 470 2265 et
487 2191 700 2287 Cleopatram
718 2192 817 2263 simul
830 2194 985 2264 timentes
997 2209 1032 2261 et
1043 2196 1231 2282 Caesarem,
1244 2220 1308 2263 nec
1322 2196 1394 2289 jam

309 2325 412 2371 morae
431 2299 543 2371 lucum
569 2324 639 2371 esse
666 2301 881 2387 extimantes,
896 2299 940 2369 ad
963 2314 1114 2394 apertam
1132 2302 1201 2369 tim
1223 2305 1396 2392 conversi,

308 2421 408 2479 nocte
429 2408 579 2501 proxima
603 2404 698 2475 illurn
719 2407 808 2475 intra
828 2408 956 2501 regiam
977 2406 1189 2482 obsederunt
1213 2409 1291 2478 Fuit
1312 2423 1394 2481 turm

308 2517 453 2586 maxime
471 2515 592 2586 virtute
607 2539 694 2609 opus
713 2514 851 2600 eximia,
870 2539 944 2608 quaa
963 2514 1180 2590 tetbcstium
1198 2529 1270 2587 tcta
1292 2532 1393 2588 nocte

309 2647 387 2712 cum
409 2622 524 2716 paucis
553 2623 715 2715 impeturn
740 2619 918 2708 toleraret,
940 2620 1160 2715 incendioque
1191 2621 1395 2717 propelleret

308 2730 495 2800 vicinarum
517 2727 658 2798 aedium:
678 2727 767 2798 fama
781 2742 832 2797 est
853 2728 1002 2804 timuisse
1019 2728 1153 2816 hostes,
1171 2753 1214 2798 ne
1228 2755 1299 2798 una
1312 2757 1392 2800 curn

308 2839 441 2909 Goesare
466 2837 553 2906 inter
581 2834 736 2906 tenebras
749 2835 989 2930 ¹opprimerent
1014 2860 1116 2904 suum
1135 2860 1268 2930 regem,
1289 2863 1391 2931 quem

308 2941 438 3014 salvum
460 2941 656 3036 cupiebant,
677 2957 715 3014 ut
735 2943 794 3035 qui
813 2956 978 3036 potestate
1000 2936 1161 3034 pueriad
1182 2942 1290 3013 scelus
1307 2944 1391 3016 abu·

307 3049 481 3136 tebantur,
502 3049 588 3119 sicut
603 3046 755 3119 nonnulli
775 3063 890 3124 nostra
908 3048 1036 3127 faciunt
1053 3063 1169 3137 aetate3
1187 3074 1332 3145 eamque
1346 3071 1391 3122 ss-

307 3154 387 3228 lutis
407 3178 542 3226 causam
563 3156 730 3226 extitisse:
748 3156 819 3248 ipse
840 3169 952 3226 autern
974 3181 1009 3233 sc
1031 3157 1066 3222 in
1088 3156 1172 3232 urbe
1191 3180 1316 3250 parum
1337 3175 1389 3240 tu·

306 3276 380 3333 tum
394 3264 558 3348 sentiens,
574 3263 777 3355 improvisus
789 3262 925 3333 Pharon
939 3286 1027 3355 pene
1040 3261 1182 3344 umidam
1194 3269 1390 3359 occupavit,

308 3383 347 3438 ut
367 3368 441 3440 loco
463 3367 579 3438 saltem
602 3370 705 3438 tutior
727 3366 969 3460 aliquantulum
990 3370 1193 3462 quiesceret,
1215 3371 1390 3466 quodque,

306 3477 366 3548 otii
380 3475 439 3546 ubi
452 3474 578 3570 aliquid
597 3475 743 3562 adesset,
758 3475 845 3548 inter
859 3472 950 3543 bella
969 3475 1181 3568 cupidissime
1196 3477 1389 3568 factitabat,
1428 3541 1431 3548 .

302 3581 440 3656 lectioni
455 3606 494 3652 ae
509 3584 682 3676 seripturae
696 3605 835 3676 operam
847 3579 963 3650 daret:
980 3597 1216 3675 nequetamen
1230 3584 1389 3656 diuturna

305 3689 491 3784 respirandi
512 3689 652 3782 contigit
674 3685 823 3763 facultas.
847 3688 979 3761 Inimici
999 3690 1296 3783 enimpotentiam
1318 3696 1387 3775 Ca·
1462 3729 1467 3734 ·

302 3797 389 3870 saris
414 3797 508 3891 quasi
536 3793 664 3884 fulmen
693 3793 895 3884 horrebant,
916 3809 981 3882 et„
993 3795 1094 3888 qued.
1110 3796 1226 3878 multis
1250 3800 1388 3887 accidit,

225 3985 227 3992 y
304 3902 492 3999 perieulum
504 3913 704 3989 metuentes,
715 3901 904 3997 perieulum
914 3901 1132 3980 maturabant
1143 3927 1296 4000 :semper
1308 3931 1388 4001 ergo

307 4009 463 4095 eonsdia,
480 4032 612 4103 semper
628 4033 741 4096 arma,
760 4034 892 4104 semper
905 4008 1042 4086 insidias
1052 4011 1233 4105 agitabant
1249 4013 1388 4087 Interim
1482 3996 1483 4011 ¹

307 4142 406 4206 vero,
424 4117 526 4190 ereda
547 4116 982 4212 egchestiumsuggestu,
997 4113 1098 4212 legati
1118 4113 1325 4206 alexandrini
1346 4117 1388 4206 sd
