3000 5025
224 459 533 556 INTERPRES
561 483 798 553 GRAEcus.
827 485 923 553 Lm.
953 487 994 555 ν.
1078 487 1154 575 ηηο

86 620 157 708 μήτε
174 620 322 710 μένοντες
338 609 547 700 κινδυνεύωσι,
568 619 646 710 μέτε
661 618 841 707 καμνόντων
862 627 902 710 τῇ
920 619 1070 712 ἀγρυπνίᾳ
1090 633 1154 688 τῶν

87 735 259 810 ςρατιωτῶν
277 732 294 792 ό
311 728 409 804 κοινὸς
423 716 559 801 κίνδυνος
572 717 696 817 αὐξηθῇ·
713 724 779 814 ἀμα
793 716 829 790 δέ
843 733 883 818 τῇ
896 727 995 818 ημέρφι
1010 726 1060 793 ἐπὶ
1073 730 1153 795 πολὺ

88 829 292 927 ἐνατεταμένῃ
319 841 361 925 πῇ
379 831 534 925 φάλαγγι,
552 830 604 896 καὶ
625 830 677 896 σὺν
701 835 807 917 πολλῷ
834 832 1008 924 σκευοφόρῳ
1029 833 1151 916 πλάθει,

86 938 136 1026 οὐχ
150 943 188 1014 ὡς
207 939 269 1005 ὑπὸ
289 936 459 1030 πολεμίου,
480 938 602 1014 ἀλλ’ὡς
620 937 678 1003 ὑπὸ
694 939 845 1026 φιλτάτου
864 961 899 1002 τε
911 936 964 1003 καὶ
976 939 1153 1016 πιςοτάτου

86 1033 184 1134 ἀνδρὸς
202 1034 404 1139 Ᾰμύιόρυγος
418 1042 609 1125 πεισθέντες,
623 1036 758 1136 ἐξῄεσαν.

68 1159 69 1167 ’
130 1151 273 1218 XXXII.
296 1151 338 1216 Οἱ
364 1143 398 1217 δέ
419 1150 559 1241 πολέμιοι
579 1150 613 1215 ἐκ
631 1173 665 1214 τε
688 1157 744 1214 τοῦ
764 1157 818 1226 τῆς
839 1149 948 1226 νυκτὸς
967 1153 997 1216 ἐν
1021 1158 1067 1238 τῷ
1088 1161 1149 1219 τῶν

85 1237 222 1345 Ῥωμαίων
247 1259 412 1352 γενομένου
433 1250 577 1349 θορύύου,
591 1254 641 1321 καὶ
661 1263 718 1321 τοῦ
741 1262 803 1322 τῶν
824 1267 1009 1348 ςρατιωτῶν
1028 1257 1150 1351 ἀγρυπ-

84 1361 203 1428 νούντων
222 1359 572 1448 κτύπου,όσυλεύεοθαι
585 1361 696 1438 αὐτοὺς
711 1363 767 1435 τὴν
781 1353 888 1438 ἔξοδον
904 1363 1149 1456 τεκμαιρόμενοι,

84 1457 194 1560 ἐνέδραν
220 1473 330 1548 αὐτοῖς
355 1470 518 1551 ἐκάθισαν,
541 1467 592 1534 καὶ
611 1467 651 1544 εές
678 1458 733 1533 δύο
762 1493 799 1560 με
819 1467 968 1552 ισθέντες,
988 1473 1017 1536 ἐν
1039 1470 1149 1553 νάπει,

86 1566 265 1663 ἐπιτηδείῳ,Ι
283 1576 337 1643 καὶ
356 1587 482 1670 κρυπτῷ
504 1573 623 1666 χωρίῳ,
638 1583 694 1640 τοῦ
714 1581 776 1640 τῶν
794 1494 945 1666 ἐωμαίων
959 1588 1148 1669 χαρακώμα-

85 1698 129 1754 τος
146 1674 179 1758 ἓξ
201 1683 254 1749 καὶ
282 1674 361 1750 δέκα
380 1683 469 1775 μόνον
491 1681 606 1772 ἀπέχον
630 1671 745 1762 ςάδια,
767 1680 894 1758 ἐκείνους
921 1682 1073 1774 ἀνέμενον·
1098 1686 1150 1750 καὶ

84 1784 180 1876 μέρους
203 1799 262 1867 τῆς
293 1795 395 1858 αὐτῶν
421 1787 579 1882 φάλαγγος
599 1785 639 1863 εἰς
666 1786 745 1879 μέγα
773 1783 867 1880 ἄγκος
890 1782 1149 1872 καταύησαντος,

86 1888 291 1987 ἀμφοτέρωθεν
320 1905 377 1962 τοῦ
401 1889 512 1989 ἀγκους
538 1894 652 1959 τούτου
677 1891 705 1958 οἱ
731 1894 873 1984 πολέμιοι
900 1885 1148 1987 ἐπιδραμόντες,

86 1997 147 2076 τούς
173 2026 207 2067 τε
233 2001 386 2093 ἐσχάτους
417 2011 474 2078 τῆς
500 1998 660 2093 φάλαγγος
682 1992 821 2095 ἐθλιύον,
840 1998 891 2066 καὶ
913 2001 986 2077 τοὺς
1009 2004 1149 2094 πρώτους

86 2112 134 2168 τού
162 2103 336 2175 άναύαίνειν
366 2109 559 2189 ἀπεκώλυεν,
577 2103 629 2172 καὶ
654 2103 756 2196 μάχην
784 2112 848 2183 τοῖς
875 2090 1028 2198 Ῥωμαίοις
1053 2110 1083 2174 ἐν
1107 2119 1148 2201 τῇ

87 2197 233 2306 δυσχωρίᾳ
252 2211 321 2282 οὖσι
342 2216 442 2308 ταύτῃ
461 2206 594 2308 ἤρξαντο
613 2209 787 2280 συνάπτειν.

130 2309 289 2387 XXXIII.
309 2321 390 2387 Τότε
412 2321 465 2413 μὲν
485 2315 535 2386 οὖν
555 2324 571 2384 ὁ
590 2320 749 2412 Τιτούριος
765 2307 862 2384 οὐδὲν
881 2321 1000 2386 τούτων
1019 2319 1147 2411 πρόσθεν

88 2415 225 2514 προϊδὼν,
249 2427 372 2521 τρέμειν
386 2451 433 2493 -τι
460 2425 512 2491 καὶ
537 2416 724 2519 διατρέχειν,
743 2424 795 2490 καὶ
814 2420 870 2503 τάς
889 2424 1013 2519 σπείρας
1030 2420 1147 2520 ἤρξατο

88 2533 301 2620 παρατάττων·
323 2544 426 2602 ταῦτα
451 2523 486 2599 δέ
514 2532 566 2596 σὺν
583 2538 708 2616 πολλῷ·
727 2525 814 2621 φόύῳ
845 2532 938 2599 πάντ’
961 2532 1078 2617 ἐποίει,
1096 2536 1148 2601 καὶ

87 2640 222 2712 τοιαύτην
232 2639 280 2723 ,ἢ
311 2648 350 2717 ὡς
377 2638 482 2706 πάντα
510 2636 603 2704 αὐτὸν
629 2635 826 2719 ἐπιλείποιεν,
844 2644 969 2729 παρεῖχε
996 2629 1101 2716 δόξαν·
1130 2641 1147 2707 ὂ

88 2747 142 2819 τοῖς
160 2746 188 2809 ἐν
208 2742 297 2832 αὐτῷ
315 2756 361 2833 τῷ
378 2745 540 2840 πράγματι
558 2742 735 2837 ἀρχομένοις
754 2736 963 2827 ύουλεύεσθαι,
977 2750 1061 2833 φιλεῖ
1074 2770 1149 2839 συμ-

89 2836 249 2917 ύαίνειν.(’)
281 2842 316 2917 δὲ
346 2853 474 2928 Κόττας
502 2851 592 2915 ταῦτ’
612 2851 641 2913 ἐν
670 2858 709 2941 τῇ
735 2838 801 2934 ὁδῷ
823 2843 1030 2941 συμύύσεσθαι
1049 2842 1148 2919 ἐδόκει

88 2948 270 3040 ἐννοηθῆναι,
290 2956 340 3024 καὶ
359 2950 413 3023 διά
440 2967 542 3024 ταῦτα
560 2957 616 3030 τὴν
642 2944 746 3032 ἔξοδον
773 2958 807 3021 οὐ
837 2949 1070 3047 συμύουλιῢσαι·
1097 2961 1148 3026 καὶ

88 3057 147 3124 τότ’
166 3068 204 3141 ὡς
231 3056 445 3141 ἠδύνατοτῆς
463 3070 563 3139 κοινῆς
578 3064 763 3151 ’ἐπεμελεῖτο
782 3060 952 3153 σωτηρίας,
971 3061 1011 3140 εἰς
1030 3064 1084 3156 μὲν
1109 3068 1147 3133 τὸ

89 3177 265 3257 παρακαλεῖν
284 3169 335 3236 καὶ
353 3171 549 3263 παροτρύνειν
562 3171 633 3245 τοὺς
653 3170 847 3259 ςρατιώτας,
864 3169 1037 3262 ςρατηγδν,
1052 3170 1092 3247 εἰς
1111 3164 1147 3239 δέ

89 3268 120 3335 τὸ
138 3276 296 3370 προθύμως
325 3276 490 3369 μάχεσθαι,
518 3272 694 3367 ςρατιώτην
724 3274 832 3341 ἑαυτὸν
857 3274 1010 3366 παρέχων·
1031 3267 1085 3341 διὰ
1111 3271 1146 3344 δέ

89 3374 190 3460 τὸτῆς
209 3384 367 3478 φάλαγγος
388 3393 499 3475 μῆκος,
518 3383 613 3452 αὐτὴν
631 3384 733 3446 πάσαν
751 3381 907 3472 παριέναι,
925 3380 977 3447 καὶ
995 3376 1146 3459 ἀέκαςα-

88 3481 152 3569 χύσε
172 3478 235 3557 δέοι
253 3497 367 3571 ποιεῖν,
387 3490 477 3581 μόνος
495 3486 699 3580 προστάττειν
720 3489 762 3579 μὴ
782 3478 967 3578 δυνάμενος,
985 3494 1051 3567 τοῖς
1069 3512 1147 3583 ςρα.

90 3591 204 3673 τιύταις
218 3600 419 3691 παρήγγειλε,
431 3594 536 3661 πάντα
554 3592 596 3659 τὰ
614 3600 696 3682 σφῶν
715 3594 885 3686 σκευοφόρα
899 3596 1147 3678 καταλιπόντας,

91 3689 124 3769 εἐς
141 3704 315 3797 κυκλοτερὲς
335 3712 441 3795 σχῆμα
461 3698 645 3767 τάττεσθαι·
666 3696 682 3764 θ
701 3699 808 3791 καίπερ
828 3703 857 3765 ἐν
880 3702 1012 3786 τοιούτῳ
1031 3704 1086 3767 οὐκ
1113 3702 1145 3769 όν

89 3809 220 3887 πεμπτὸν
249 3812 342 3905 ἔργῳ,
361 3812 395 3875 οὐ
420 3814 520 3883 καλῶς
540 3796 570 3870 δ’
594 3808 676 3896 ὅμως
694 3806 768 3871 τότε
787 3801 907 3879 συνέύη·
927 3814 992 3883 τοῖς
1015 3807 1146 3901 μὲνγὰρ

89 3885 229 3999 θυραίοις
243 3919 299 3989 τλν
315 3925 369 3993 τῆς
387 3912 539 4005 σωτηρίας
555 3909 734 3987 ἠλάττωσεν
750 3904 873 3978 ελπίδα·
887 3914 959 3989 τοὺς
979 3904 1014 3979 δέ
1033 3906 1150 4008 ύαρύά.
1238 3934 1241 3944 ’

93 4036 151 4101 ρους
170 4018 208 4099 εἰς
226 4026 282 4097 την
303 4022 404 4115 μάχην
424 4018 666 4115 προθυμοτέρους
685 4016 915 4113 ἀπειργάσατο,
935 4023 984 4087 ότι
1003 4023 1058 4085 οὐκ
1075 4018 1147 4089 σ’ίνευ

93 4124 197 4205 mig
219 4128 347 4223 ἀθυμίας
373 4128 423 4195 καὶ
442 4126 575 4220 μεγάλου
595 4120 691 4215 φόύου
713 4134 815 4191 ταῦτα
833 4127 892 4192 ὑπὸ
915 4136 977 4192 τῶν
996 4111 1156 4219 ΙῬωμαίων
