3000 5025
280 490 585 569 ιατιειιοιιιοε
612 494 850 574 GRAECUS.
880 497 975 564 ιιιι.
1003 496 1032 563 1.
1121 492 1208 591 357·

14 662 15 669 ι
120 616 245 713 μὲνγὰρ
260 611 469 716 Ᾰριόόιςοςέν
484 652 519 693 τε
533 637 573 721 τῇ
591 626 708 696 ἐκείνων
731 629 1016 720 χώρᾳ-καταμένει,
1030 628 1082 695 καὶ
1095 628 1197 711 πάσας

118 721 178 801 τὰς
203 730 302 797 αὐτῶν
322 733 427 810 πόλεις
450 735 500 823 ὑφ’
519 735 627 803 ἑαυτὸν
651 732 870 826 ποιησάμενος,
889 726 979 812 οὐδέν
999 739 1068 817 ότι
1092 738 1196 818 αὐτοῖς

117 837 181 897 τῶν
199 824 383 911 δεινοτάτων
402 842 436 905 οὐ
455 830 524 931 δρᾷ.
883 908 887 915 ‚

171 940 333 1014 XXXIII.
356 949 466 1011 Ταῦτα
479 951 497 1011 ὁ
511 948 631 1039 Καῖσαρ
646 945 778 1038 οἰκούσας
789 997 799 1030 ,
812 949 884 1025 τοὺς
903 946 1040 1026 Γάλλους
1059 972 1196 1041 παρεμυ·

116 1040 251 1132 θήσατο,
262 1058 356 1117 τοῦτο
369 1055 470 1139 ἑαυτῷ
480 1054 619 1143 μελήσειν
634 1056 737 1131 αὐτοῖς
748 1054 970 1147 Ιὑποσχόμενος·
986 1061 1122 1147 μεγάλας
1157 1053 1195 1146 ἄρ

114 1144 243 1232 ἐλπίδας
258 1154 356 1246 ἔχειν,
369 1157 423 1223 τὸν
438 1146 608 1251 Ᾱριύύιςον
622 1157 725 1227 πολλὰ
747 1162 797 1249 ὑφ’
812 1165 908 1227 αὑτοῦ
928 1186 962 1227 τε
976 1160 1028 1240 καὶ
1040 1170 1103 1227 τῶν
1124 1082 1156 1226 II
1179 1202 1195 1216 ·

115 1256 213 1345 μαίων
237 1262 490 1356 εὐεργετηθέντα,
508 1274 559 1339 νῖν
584 1266 702 1331 τούτων
727 1267 916 1359 μεμνημένον
943 1266 1112 1349 παύσεσθαι
1137 1276 1194 1343 τῆς

114 1358 238 1456 ὕύρεως.
252 1370 380 1435 Τούτων
395 1369 449 1461 μὲν
463 1370 537 1439 τότε
547 1369 730 1463 εἰρημένων,
746 1363 866 1439 διέλυσε
874 1373 936 1451 Ιτήν
953 1370 1078 1466 ἀγορὰν.
1091 1370 1200 1463 Χωρὶς.

113 1459 148 1535 δὲ
165 1474 285 1542 τούτων
306 1472 409 1541 πολλὰ
429 1478 522 1543 αὐτὸν
538 1487 594 1543 τοῦ
608 1478 712 1561 τούτῳ
727 1485 773 1563 ,τῷ
786 1477 948 1571 πράγματι
962 1481 1104 1571 ἐγχειρεῖν
1118 1503 1195 1568 παρ-

112 1570 215 1687 ώξυνε·
231 1587 353 1672 πρῶτον
369 1580 493 1675 μὲνγὰρ
509 1560 721 1659 τοὺςίΕδουεῖς
735 1584 883 1661 πολλάκις
898 1584 1078 1675 συμμάχους
1092 1582 1119 1649 θ’
1133 1584 1203 1649 ὑπὸΙ

111 1690 172 1753 τῶν
189 1686 342 1778 Ρωμαίων
357 1686 409 1753 καὶ
422 1678 573 1777 ἀδελφοὺς
587 1687 806 1779 κεκλημένους,
820 1697 871 1754 νῦν
885 1688 935 1755 ἐπὶ
950 1695 1013 1766 τοῖς
1029 1690 1193 1780 Γερμανοῖς

109 1792 307 1883 γενομένους,
318 1782 370 1859 καὶ
381 1793 513 1871 πολλοῖς
528 1802 610 1883 σφῶν
625 1789 710 1885 παρὰ
724 1802 788 1871 τοῖς
803 1794 943 1871 Σεκανοῒς
956 1795 1048 1871 ὄντας
1062 1798 1193 1886 ὁμήρους

109 1899 200 1990 ἑώρα·
216 1895 233 1963 ὂ
248 1902 349 1985 ἑαυτῷ
367 1924 402 1965 τε
420 1898 472 1973 καὶ,
488 1905 553 1977 τοῖς
574 1878 747 1992 Γωμαίοις,
763 1902 918 1976 τοσαύτης
939 1900 1030 1977 οὔσης
1044 1910 1100 1979 τῆς
1113 1898 1200 1964 ἐκεί.

109 2029 166 2068 νων
186 2004 304 2095 ἀρχῆς,
319 2003 443 2099 αἰσχρὸν
463 2011 567 2099 ἠγεῖτο
582 2000 666 2071 εἶναι.
681 1985 804 2072 ἒπειτα
817 1996 853 2071 δέ
866 2005 919 2088 καὶ
932 2005 1004 2083 τοὺς
1019 2005 1191 2098 Γερμανοὺς

109 2107 193 2179 κατὰ
215 2112 322 2205 μικρὸν
343 2113 397 2179 τὸν
420 2097 517 2191 Ῥῆνον
537 2103 722 2194 διαύαίνειν,
736 2113 816 2179 πολύ
837 2114 868 2177 τ’
881 2102 943 2185 ήδη
962 2110 1077 2189 πλῆθος
1090 2113 1191 2178 αὐτῶν

107 2219 136 2283 ἐν
151 2226 194 2309 τῇ
206 2217 350 2309 Γαλατίᾳ
363 2213 437 2285 εἶναι
451 2220 656 2310 ἐννοούμενος,
667 2220 702 2285 ἐκ
715 2220 835 2287 τούτων
851 2220 946 2313 μέγαν
961 2224 1026 2295 τοῖς
1039 2202 1192 2309 Ρωμαίοις

106 2327 260 2417 περιεώρα
280 2326 488 2416 ἐπηρτημένον
509 2316 658 2405 κίνδυνον·
673 2327 728 2390 οὐκ
742 2327 820 2410 ᾤετο
835 2321 894 2418 γὰρ
916 2319 952 2389 ἂν
971 2326 1100 2390 πώποτε
1118 2324 1191 2399 τοὺς

108 2421 268 2524 θηριώδεις
289 2432 419 2509 τούτους
441 2432 513 2509 τοὺς
533 2421 647 2524 ἄνδρας
665 2429 766 2507 πάσης
780 2439 836 2507 τῆς
857 2426 1013 2507 Γαλατίας
1035 2432 1191 2523 ἐγκρατεῖς

107 2540 288 2634 γενομένους
298 2538 511 2629 ,ἀποσχέσθαι
525 2532 560 2602 ἂν
574 2532 666 2629 (ὅπερ
681 2528 742 2609 ήδη
759 2536 787 2602 οἱ
800 2531 936 2629 Κίμόροι
950 2561 985 2602 τε
1001 2535 1054 2602 καὶ
1067 2535 1096 2602 οἱ
1109 2538 1188 2604 Τού-

107 2671 195 2713 τονοι
212 2640 490 2728 ἐποιήσαντο)τοῦ
516 2643 556 2720 εἰς
583 2645 640 2716 τήν
665 2640 830 2750 ἐπαρχίαν,
845 2641 1005 2729 κᾴντεῖθεν
1030 2640 1070 2718 εἰς
1094 2643 1189 2713 αὐτὴν

105 2761 216 2845 χωρεῖν
232 2755 289 2825 τήν
305 2735 442 2817 Ῐταλίαν·
458 2749 510 2817 καὶ
523 2758 627 2815 ταῦτα
644 2757 700 2813 τοιῖ
717 2739 858 2813 Ροδανοῖ
873 2746 964 2837 μόνον
980 2748 1035 2820 τήν
1050 2755 1112 2812 τῶν
1126 2730 1191 2811 Ρω-

106 2858 205 2951 μαίων
226 2856 373 2950 ἐπαρχίαν
390 2857 453 2924 ἀπὸ
470 2857 535 2922 τῶν
548 2856 754 2922 Σεκουσιανῶν
779 2853 1017 2944 ἀπστέμνοντος·
1036 2855 1098 2929 ὥςε
1120 2852 1192 2924 τού·

56 2957 60 2968 ’
105 2991 169 3031 των
190 2971 207 3031 ὁ
227 2966 349 3057 Καῖσαρ
367 2962 453 3036 ἤθελε
475 2954 639 3054 προλαόὼν
658 2959 873 3052 ἐπιμελεῖσθαι·
898 2963 914 3024 ὁ
936 2953 995 3052 γὰρ
1023 2945 1188 3049 Ᾰριόύιςος

105 3075 207 3150 οὕτως
236 3070 429 3165 ὑπερεφρόνει
446 3063 486 3135 1τε
510 3066 563 3142 καὶ
588 3067 821 3160 ἐμεγαληγόρει,
844 3068 906 3143 ὥςε
933 3064 1060 3151 οὐκέτι
1089 3053 1189 3129 ἐδόκει

82 3163 84 3170 ί
103 3178 245 3255 ἀνεκτός.
1191 3184 1195 3194 ’

158 3285 326 3353 XXXIV.
340 3263 440 3360 Γδοξε
455 3282 508 3374 μὲν
523 3279 574 3351 οὖν
589 3293 634 3369 τῷ
649 3279 783 3372 Καίσαρι
796 3282 882 3368 αὐτῷ
896 3269 950 3344 διὰ
969 3287 1070 3362 ταῦτα
1083 3300 1189 3370 συγγε-

102 3391 207 3458 νέσθαι
217 3443 226 3476 ,
238 3388 291 3458 καὶ
312 3386 430 3480 ἔπεμψέ
447 3413 517 3466 τινα
537 3381 719 3481 δεησόμενον
735 3390 848 3469 αὐτοῦ,
861 3381 932 3452 τινὰ
944 3383 1040 3465 τόπον
1055 3384 1085 3447 ἐν
1104 3384 1187 3474 μέσῳ
1228 3438 1230 3442 .

103 3499 259 3591 ἑκατέρων
275 3505 337 3562 τῶν
351 3504 493 3588 ςρατιῖιν,
508 3496 583 3589 πρὸς
597 3496 635 3562 τὸ
650 3493 689 3572 εἰς
701 3493 812 3588 λόγους
826 3493 970 3568 ἀλλήλοις
984 3488 1095 3568 ἐλθεῖν,
1111 3481 1188 3564 ἐξαι-

106 3605 234 3697 ρεῖσθαι·
249 3605 299 3669 ότι
321 3604 406 3688 αὐτῷ
424 3599 493 3693 περὶ
513 3613 575 3670 τῶν
594 3602 778 3692 ἀμφοτέροις
801 3597 1015 3690 συμφερόντων
1039 3592 1187 3686 πραγμά-

103 3737 168 3779 των
192 3701 300 3803 χρήζοι
314 3705 515 3802 συγγίνεσθαι.
530 3693 560 3774 O
575 3700 610 3772 δὲ
626 3695 792 3798 Ᾱριόύιςος
813 3715 859 3792 τῷ
877 3711 934 3770 τοῦ
951 3700 1108 3790 Καίσαρος
1128 3698 1186 3792 οἶγ-

102 3820 185 3912 γέλῳ
206 3813 403 3908 ἀπεκρίνατο.
419 3803 497 3881 Ᾰλλ’
511 3809 601 3886 ἦλθον
618 3808 670 3895 ἂν,
685 3813 760 3901 ἔφη,
775 3812 835 3904 ἐγὼ
846 3806 932 3901 παρὰ
951 3808 1005 3891 τὸν
1020 3803 1184 3891 Καίσαρα,

103 3924 140 4000 εί,
150 3922 264 3991 ἐκείνου
290 3907 437 4014 έχρηζον·,
449 3923 595 4000 ὡσαύτως
616 3913 677 3984 οὖν.
689 3918 798 3983 ἐκεῖνον
815 3917 889 4007 παρ’
906 3913 966 4004 9ἐμὲ
988 3915 1047 4003 χρὴ
1059 3987 1064 3996 ¹
1074 3909 1185 3994 ελθεῖν,

101 4029 161 4104 εἴτι
173 4032 249 4123 παρ’
259 4034 334 4121 ἐμοῦ
348 4027 435 4096 θέλει·
449 4029 525 4121 πρὸς
539 4027 661 4104 τούτοις
677 4013 829 4120 δέ,χωρὶς
843 4022 1060 4113 ςρατεύματος
1070 4015 1111 4093 εἰς
1126 4019 1184 4090 τὴν

102 4139 163 4212 ὑπὸ
183 4147 230 4227 τῷ
243 4134 384 4227 Καίσαρ,
403 4132 560 4214 Γαλατίαν
580 4129 722 4224 ἐρχοίμην
739 4124 798 4220 Ιδιν,
813 4128 885 4196 οὔτε
906 4127 936 4220 γ’
950 4121 1026 4208 ,ἄνευ
1047 4121 1183 4216 μεγαλης

950 4241 1018 4328 23³
