<?xml version="1.0" encoding="UTF-8"?>
<!DOCTYPE html PUBLIC "-//W3C//DTD XHTML 1.0 Transitional//EN"
    "http://www.w3.org/TR/xhtml1/DTD/xhtml1-transitional.dtd">
<html xmlns="http://www.w3.org/1999/xhtml" xml:lang="en" lang="en">
 <head>
  <title>
</title>
<meta http-equiv="Content-Type" content="text/html;charset=utf-8" />
  <meta name='ocr-system' content='tesseract 3.04.00' />
  <meta name='ocr-capabilities' content='ocr_page ocr_carea ocr_par ocr_line ocrx_word'/>
</head>
<body>
  <div class='ocr_page' id='page_1' title='image "./caiusjuliuscsar00unkngoog_0075.png"; bbox 0 0 3000 5025; ppageno 0'>
   <div class='ocr_carea' id='block_1_1' title="bbox 310 480 1188 577">
    <p class='ocr_par' dir='ltr' id='par_1_1' title="bbox 310 480 1188 577">
     <span class='ocr_line' id='line_1_1' title="bbox 310 480 1188 577; baseline -0.011 -12"><span class='ocrx_word' id='word_1_1' title='bbox 310 480 378 577; x_wconf 68' lang='lat' dir='ltr'><strong>aa</strong></span> <span class='ocrx_word' id='word_1_2' title='bbox 523 493 552 561; x_wconf 84' lang='lat' dir='ltr'><strong>J.</strong></span> <span class='ocrx_word' id='word_1_3' title='bbox 582 486 1188 560; x_wconf 74' lang='lat' dir='ltr'><strong>onusrcouusnrsnn·</strong></span> 
     </span>
    </p>
   </div>
   <div class='ocr_carea' id='block_1_2' title="bbox 190 618 1388 719">
    <p class='ocr_par' dir='ltr' id='par_1_2' title="bbox 190 618 1388 719">
     <span class='ocr_line' id='line_1_2' title="bbox 190 618 1388 719; baseline 0 -28"><span class='ocrx_word' id='word_1_4' title='bbox 190 681 195 691; x_wconf 85' lang='lat'>.</span> <span class='ocrx_word' id='word_1_5' title='bbox 310 648 475 693; x_wconf 87' lang='lat' dir='ltr'><strong>consensu</strong></span> <span class='ocrx_word' id='word_1_6' title='bbox 495 618 632 719; x_wconf 87' lang='lat' dir='ltr'><strong>publico</strong></span> <span class='ocrx_word' id='word_1_7' title='bbox 660 620 995 692; x_wconf 70' lang='lat' dir='ltr'><strong>delectum&#39;Galbum</strong></span> <span class='ocrx_word' id='word_1_8' title='bbox 1020 620 1226 715; x_wconf 78' lang='lat' dir='ltr'><strong>quemdam,</strong></span> <span class='ocrx_word' id='word_1_9' title='bbox 1238 622 1388 691; x_wconf 85' lang='lat' dir='ltr'><strong>Suessio-</strong></span> 
     </span>
    </p>
   </div>
   <div class='ocr_carea' id='block_1_3' title="bbox 301 725 1431 1998">
    <p class='ocr_par' dir='ltr' id='par_1_3' title="bbox 301 725 1431 1998">
     <span class='ocr_line' id='line_1_3' title="bbox 309 725 1387 827; baseline -0.002 -30"><span class='ocrx_word' id='word_1_10' title='bbox 309 754 391 798; x_wconf 90' lang='lat' dir='ltr'><strong>num</strong></span> <span class='ocrx_word' id='word_1_11' title='bbox 407 756 539 827; x_wconf 86' lang='lat' dir='ltr'><strong>regem,</strong></span> <span class='ocrx_word' id='word_1_12' title='bbox 553 730 731 826; x_wconf 82' lang='lat' dir='ltr'><strong>prudentia</strong></span> <span class='ocrx_word' id='word_1_13' title='bbox 741 725 870 799; x_wconf 82' lang='lat' dir='ltr'><strong>clarum</strong></span> <span class='ocrx_word' id='word_1_14' title='bbox 883 728 996 795; x_wconf 85' lang='lat' dir='ltr'><strong>virum</strong></span> <span class='ocrx_word' id='word_1_15' title='bbox 1010 750 1049 796; x_wconf 85' lang='lat' dir='ltr'><strong>ac</strong></span> <span class='ocrx_word' id='word_1_16' title='bbox 1059 727 1197 821; x_wconf 84' lang='lat' dir='ltr'><strong>justitia</strong></span> <span class='ocrx_word' id='word_1_17' title='bbox 1215 729 1275 797; x_wconf 90' lang='lat' dir='ltr'><strong>His</strong></span> <span class='ocrx_word' id='word_1_18' title='bbox 1293 735 1387 797; x_wconf 82' lang='lat' dir='ltr'><strong>com-</strong></span> 
     </span>
     <span class='ocr_line' id='line_1_4' title="bbox 308 833 1389 929; baseline -0.001 -25"><span class='ocrx_word' id='word_1_19' title='bbox 308 839 431 929; x_wconf 90' lang='lat' dir='ltr'><strong>pertis,</strong></span> <span class='ocrx_word' id='word_1_20' title='bbox 446 840 559 907; x_wconf 84' lang='lat' dir='ltr'><strong>Caesar</strong></span> <span class='ocrx_word' id='word_1_21' title='bbox 572 838 722 906; x_wconf 88' lang='lat' dir='ltr'><strong>Rhemos</strong></span> <span class='ocrx_word' id='word_1_22' title='bbox 739 834 926 904; x_wconf 89' lang='lat' dir='ltr'><strong>honorifica</strong></span> <span class='ocrx_word' id='word_1_23' title='bbox 943 835 1095 902; x_wconf 80' lang='lat' dir='ltr'><strong>oratione</strong></span> <span class='ocrx_word' id='word_1_24' title='bbox 1110 833 1321 928; x_wconf 82' lang='lat' dir='ltr'><strong>complexus,</strong></span> <span class='ocrx_word' id='word_1_25' title='bbox 1339 860 1389 903; x_wconf 75' lang='lat' dir='ltr'><strong>se</strong></span> 
     </span>
     <span class='ocr_line' id='line_1_5' title="bbox 307 940 1389 1036; baseline 0.001 -27"><span class='ocrx_word' id='word_1_26' title='bbox 307 957 424 1013; x_wconf 86' lang='lat' dir='ltr'><strong>natum</strong></span> <span class='ocrx_word' id='word_1_27' title='bbox 446 968 563 1013; x_wconf 90' lang='lat' dir='ltr'><strong>eorum</strong></span> <span class='ocrx_word' id='word_1_28' title='bbox 583 943 626 1012; x_wconf 87' lang='lat' dir='ltr'><strong>ad</strong></span> <span class='ocrx_word' id='word_1_29' title='bbox 647 969 683 1012; x_wconf 90' lang='lat' dir='ltr'><strong>se</strong></span> <span class='ocrx_word' id='word_1_30' title='bbox 704 945 819 1011; x_wconf 86' lang='lat' dir='ltr'><strong>venire</strong></span> <span class='ocrx_word' id='word_1_31' title='bbox 839 943 1000 1036; x_wconf 87' lang='lat' dir='ltr'><strong>imperat,</strong></span> <span class='ocrx_word' id='word_1_32' title='bbox 1027 953 1061 1008; x_wconf 89' lang='lat' dir='ltr'><strong>et</strong></span> <span class='ocrx_word' id='word_1_33' title='bbox 1087 942 1277 1035; x_wconf 82' lang='lat' dir='ltr'><strong>principum</strong></span> <span class='ocrx_word' id='word_1_34' title='bbox 1299 940 1389 1011; x_wconf 91' lang='lat' dir='ltr'><strong>filios</strong></span> 
     </span>
     <span class='ocr_line' id='line_1_6' title="bbox 306 1046 1389 1144; baseline 0.001 -28"><span class='ocrx_word' id='word_1_35' title='bbox 306 1048 438 1119; x_wconf 87' lang='lat' dir='ltr'><strong>obsides</strong></span> <span class='ocrx_word' id='word_1_36' title='bbox 460 1048 649 1119; x_wconf 85' lang='lat' dir='ltr'><strong>adducere:</strong></span> <span class='ocrx_word' id='word_1_37' title='bbox 672 1074 746 1144; x_wconf 85' lang='lat' dir='ltr'><strong>quae</strong></span> <span class='ocrx_word' id='word_1_38' title='bbox 769 1046 812 1116; x_wconf 90' lang='lat' dir='ltr'><strong>ad</strong></span> <span class='ocrx_word' id='word_1_39' title='bbox 829 1048 1032 1117; x_wconf 81' lang='lat' dir='ltr'><strong>destinamm</strong></span> <span class='ocrx_word' id='word_1_40' title='bbox 1049 1047 1140 1117; x_wconf 86' lang='lat' dir='ltr'><strong>diem</strong></span> <span class='ocrx_word' id='word_1_41' title='bbox 1160 1046 1389 1117; x_wconf 73' lang='lat' dir='ltr'><strong>obedientissi</strong></span> 
     </span>
     <span class='ocr_line' id='line_1_7' title="bbox 305 1154 1388 1251; baseline 0 -28"><span class='ocrx_word' id='word_1_42' title='bbox 305 1166 366 1223; x_wconf 85' lang='lat' dir='ltr'><strong>me&#39;</strong></span> <span class='ocrx_word' id='word_1_43' title='bbox 379 1154 560 1251; x_wconf 86' lang='lat' dir='ltr'><strong>adimpleta</strong></span> <span class='ocrx_word' id='word_1_44' title='bbox 587 1170 673 1225; x_wconf 88' lang='lat' dir='ltr'><strong>sunt.</strong></span> <span class='ocrx_word' id='word_1_45' title='bbox 700 1158 853 1225; x_wconf 87' lang='lat' dir='ltr'><strong>Numero</strong></span> <span class='ocrx_word' id='word_1_46' title='bbox 880 1168 993 1222; x_wconf 84' lang='lat' dir='ltr'><strong>autem</strong></span> <span class='ocrx_word' id='word_1_47' title='bbox 1021 1169 1151 1240; x_wconf 86' lang='lat' dir='ltr'><strong>motus,</strong></span> <span class='ocrx_word' id='word_1_48' title='bbox 1178 1156 1388 1225; x_wconf 88' lang='lat' dir='ltr'><strong>Divitiacum</strong></span> 
     </span>
     <span class='ocr_line' id='line_1_8' title="bbox 304 1260 1387 1356; baseline 0.001 -27"><span class='ocrx_word' id='word_1_49' title='bbox 304 1260 451 1331; x_wconf 82' lang='lat' dir='ltr'><strong>AEduum</strong></span> <span class='ocrx_word' id='word_1_50' title='bbox 466 1264 629 1332; x_wconf 82' lang='lat' dir='ltr'><strong>curiosius</strong></span> <span class='ocrx_word' id='word_1_51' title='bbox 646 1261 823 1348; x_wconf 87' lang='lat' dir='ltr'><strong>admonet,</strong></span> <span class='ocrx_word' id='word_1_52' title='bbox 832 1275 998 1355; x_wconf 84' lang='lat' dir='ltr'><strong>quantum</strong></span> <span class='ocrx_word' id='word_1_53' title='bbox 1014 1260 1206 1355; x_wconf 86' lang='lat' dir='ltr'><strong>reipublicae</strong></span> <span class='ocrx_word' id='word_1_54' title='bbox 1219 1260 1387 1356; x_wconf 85' lang='lat' dir='ltr'><strong>salutique</strong></span> 
     </span>
     <span class='ocr_line' id='line_1_9' title="bbox 304 1367 1431 1463; baseline 0.001 -27"><span class='ocrx_word' id='word_1_55' title='bbox 304 1370 456 1438; x_wconf 90' lang='lat' dir='ltr'><strong>omnium</strong></span> <span class='ocrx_word' id='word_1_56' title='bbox 476 1368 656 1463; x_wconf 75' lang='lat' dir='ltr'><strong>expediat,</strong></span> <span class='ocrx_word' id='word_1_57' title='bbox 671 1369 931 1437; x_wconf 84' lang='lat' dir='ltr'><strong>vires&#39;hostium</strong></span> <span class='ocrx_word' id='word_1_58' title='bbox 949 1367 1108 1453; x_wconf 84' lang='lat' dir='ltr'><strong>distrahi,</strong></span> <span class='ocrx_word' id='word_1_59' title='bbox 1122 1392 1165 1436; x_wconf 88' lang='lat' dir='ltr'><strong>nc</strong></span> <span class='ocrx_word' id='word_1_60' title='bbox 1179 1382 1272 1437; x_wconf 81' lang='lat' dir='ltr'><strong>tanta</strong></span> <span class='ocrx_word' id='word_1_61' title='bbox 1283 1367 1385 1437; x_wconf 91' lang='lat' dir='ltr'><strong>simul</strong></span> <span class='ocrx_word' id='word_1_62' title='bbox 1426 1378 1431 1401; x_wconf 87' lang='lat'><strong>¹</strong></span> 
     </span>
     <span class='ocr_line' id='line_1_10' title="bbox 304 1473 1386 1545; baseline 0.002 -2"><span class='ocrx_word' id='word_1_63' title='bbox 304 1498 381 1543; x_wconf 85' lang='lat' dir='ltr'><strong>cum</strong></span> <span class='ocrx_word' id='word_1_64' title='bbox 403 1475 617 1545; x_wconf 89' lang='lat' dir='ltr'><strong>multitudine</strong></span> <span class='ocrx_word' id='word_1_65' title='bbox 638 1474 877 1545; x_wconf 85' lang='lat' dir='ltr'><strong>decertandum</strong></span> <span class='ocrx_word' id='word_1_66' title='bbox 888 1488 983 1543; x_wconf 83' lang='lat' dir='ltr'><strong>esset.</strong></span> <span class='ocrx_word' id='word_1_67' title='bbox 995 1473 1036 1542; x_wconf 92' lang='lat' dir='ltr'><strong>ld</strong></span> <span class='ocrx_word' id='word_1_68' title='bbox 1047 1488 1159 1543; x_wconf 85' lang='lat' dir='ltr'><strong>autem</strong></span> <span class='ocrx_word' id='word_1_69' title='bbox 1172 1474 1265 1543; x_wconf 91' lang='lat' dir='ltr'><strong>nullo</strong></span> <span class='ocrx_word' id='word_1_70' title='bbox 1279 1475 1386 1545; x_wconf 90' lang='lat' dir='ltr'><strong>modo</strong></span> 
     </span>
     <span class='ocr_line' id='line_1_11' title="bbox 302 1580 1385 1677; baseline 0.002 -28"><span class='ocrx_word' id='word_1_71' title='bbox 302 1582 422 1655; x_wconf 87' lang='lat' dir='ltr'><strong>melius</strong></span> <span class='ocrx_word' id='word_1_72' title='bbox 435 1582 519 1650; x_wconf 87' lang='lat' dir='ltr'><strong>&#39;fieri</strong></span> <span class='ocrx_word' id='word_1_73' title='bbox 539 1584 659 1677; x_wconf 84' lang='lat' dir='ltr'><strong>posse,</strong></span> <span class='ocrx_word' id='word_1_74' title='bbox 684 1583 839 1677; x_wconf 86' lang='lat' dir='ltr'><strong>quamsi</strong></span> <span class='ocrx_word' id='word_1_75' title='bbox 861 1581 961 1651; x_wconf 83' lang='lat' dir='ltr'><strong>AEdui</strong></span> <span class='ocrx_word' id='word_1_76' title='bbox 983 1606 1114 1649; x_wconf 90' lang='lat' dir='ltr'><strong>summa</strong></span> <span class='ocrx_word' id='word_1_77' title='bbox 1134 1582 1168 1649; x_wconf 93' lang='lat' dir='ltr'><strong>vi</strong></span> <span class='ocrx_word' id='word_1_78' title='bbox 1190 1580 1385 1651; x_wconf 89' lang='lat' dir='ltr'><strong>Bellovaco·</strong></span> 
     </span>
     <span class='ocr_line' id='line_1_12' title="bbox 301 1687 1384 1785; baseline 0.002 -30"><span class='ocrx_word' id='word_1_79' title='bbox 301 1712 388 1756; x_wconf 89' lang='lat' dir='ltr'><strong>rum·</strong></span> <span class='ocrx_word' id='word_1_80' title='bbox 399 1688 483 1758; x_wconf 87' lang='lat' dir='ltr'><strong>fines</strong></span> <span class='ocrx_word' id='word_1_81' title='bbox 502 1688 707 1785; x_wconf 84' lang='lat' dir='ltr'><strong>irrumpant,</strong></span> <span class='ocrx_word' id='word_1_82' title='bbox 719 1703 821 1783; x_wconf 87' lang='lat' dir='ltr'><strong>atque</strong></span> <span class='ocrx_word' id='word_1_83' title='bbox 831 1691 945 1757; x_wconf 88' lang='lat' dir='ltr'><strong>omnia</strong></span> <span class='ocrx_word' id='word_1_84' title='bbox 962 1687 1181 1781; x_wconf 75' lang='lat' dir='ltr'><strong>populentur·</strong></span> <span class='ocrx_word' id='word_1_85' title='bbox 1188 1689 1244 1758; x_wconf 87' lang='lat' dir='ltr'><strong>Sic</strong></span> <span class='ocrx_word' id='word_1_86' title='bbox 1258 1691 1384 1758; x_wconf 86' lang='lat' dir='ltr'><strong>instru-</strong></span> 
     </span>
     <span class='ocr_line' id='line_1_13' title="bbox 301 1795 1384 1891; baseline 0.003 -29"><span class='ocrx_word' id='word_1_87' title='bbox 301 1809 394 1863; x_wconf 90' lang='lat' dir='ltr'><strong>ctum</strong></span> <span class='ocrx_word' id='word_1_88' title='bbox 405 1795 720 1891; x_wconf 78' lang='lat' dir='ltr'><strong>³0ratumque·illum</strong></span> <span class='ocrx_word' id='word_1_89' title='bbox 742 1798 779 1864; x_wconf 88' lang='lat' dir='ltr'><strong>in</strong></span> <span class='ocrx_word' id='word_1_90' title='bbox 796 1797 940 1889; x_wconf 85' lang='lat' dir='ltr'><strong>patriam</strong></span> <span class='ocrx_word' id='word_1_91' title='bbox 953 1816 1053 1864; x_wconf 70' lang='lat' dir='ltr'><strong>&#39;suam</strong></span> <span class='ocrx_word' id='word_1_92' title='bbox 1075 1797 1193 1865; x_wconf 73' lang='lat' dir='ltr'><strong>mittit:</strong></span> <span class='ocrx_word' id='word_1_93' title='bbox 1212 1797 1384 1865; x_wconf 69' lang='lat' dir='ltr'><strong>courum</strong></span> 
     </span>
     <span class='ocr_line' id='line_1_14' title="bbox 301 1900 1384 1998; baseline 0.004 -30"><span class='ocrx_word' id='word_1_94' title='bbox 301 1900 455 1996; x_wconf 87' lang='lat' dir='ltr'><strong>digresso&#39;</strong></span> <span class='ocrx_word' id='word_1_95' title='bbox 464 1902 541 1989; x_wconf 86' lang='lat' dir='ltr'><strong>illo,</strong></span> <span class='ocrx_word' id='word_1_96' title='bbox 555 1902 733 1998; x_wconf 76' lang='lat' dir='ltr'><strong>Belgarum</strong></span> <span class='ocrx_word' id='word_1_97' title='bbox 751 1903 866 1995; x_wconf 83' lang='lat' dir='ltr'><strong>copias</strong></span> <span class='ocrx_word' id='word_1_98' title='bbox 885 1916 1073 1971; x_wconf 84' lang='lat' dir='ltr'><strong>contractas</strong></span> <span class='ocrx_word' id='word_1_99' title='bbox 1092 1903 1384 1997; x_wconf 81' lang='lat' dir='ltr'><strong>appropinquare,</strong></span> 
     </span>
    </p>
   </div>
   <div class='ocr_carea' id='block_1_4' title="bbox 299 2007 1496 2317">
    <p class='ocr_par' dir='ltr' id='par_1_4' title="bbox 299 2007 1496 2317">
     <span class='ocr_line' id='line_1_15' title="bbox 300 2007 1496 2103; baseline 0 -29"><span class='ocrx_word' id='word_1_100' title='bbox 300 2021 382 2075; x_wconf 85' lang='lat' dir='ltr'><strong>eta</strong></span> <span class='ocrx_word' id='word_1_101' title='bbox 410 2008 564 2098; x_wconf 83' lang='lat' dir='ltr'><strong>Rhamis,</strong></span> <span class='ocrx_word' id='word_1_102' title='bbox 594 2022 629 2077; x_wconf 88' lang='lat' dir='ltr'><strong>ct</strong></span> <span class='ocrx_word' id='word_1_103' title='bbox 656 2033 676 2075; x_wconf 85' lang='lat' dir='ltr'><strong>a</strong></span> <span class='ocrx_word' id='word_1_104' title='bbox 709 2010 777 2077; x_wconf 90' lang='lat' dir='ltr'><strong>suis</strong></span> <span class='ocrx_word' id='word_1_105' title='bbox 790 2007 1068 2103; x_wconf 74' lang='lat' dir='ltr'><strong>exploratoribus</strong></span> <span class='ocrx_word' id='word_1_106' title='bbox 1092 2007 1262 2077; x_wconf 79' lang='lat' dir='ltr'><strong>intellexit.</strong></span> <span class='ocrx_word' id='word_1_107' title='bbox 1283 2009 1383 2080; x_wconf 89' lang='lat' dir='ltr'><strong>lllico</strong></span> <span class='ocrx_word' id='word_1_108' title='bbox 1493 2063 1496 2074; x_wconf 83' lang='grc'><strong><em>.</em></strong></span> 
     </span>
     <span class='ocr_line' id='line_1_16' title="bbox 299 2114 1495 2210; baseline 0.001 -29"><span class='ocrx_word' id='word_1_109' title='bbox 299 2114 615 2206; x_wconf 71' lang='lat' dir='ltr'><strong>igitur‘Matronam</strong></span> <span class='ocrx_word' id='word_1_110' title='bbox 640 2140 792 2202; x_wconf 78' lang='lat' dir='ltr'><strong>ornnem,</strong></span> <span class='ocrx_word' id='word_1_111' title='bbox 817 2116 1109 2210; x_wconf 72' lang='lat' dir='ltr'><strong>pcrthemorum</strong></span> <span class='ocrx_word' id='word_1_112' title='bbox 1138 2115 1221 2184; x_wconf 90' lang='lat' dir='ltr'><strong>fines</strong></span> <span class='ocrx_word' id='word_1_113' title='bbox 1244 2115 1382 2189; x_wconf 88' lang='lat' dir='ltr'><strong>ultimos</strong></span> <span class='ocrx_word' id='word_1_114' title='bbox 1493 2144 1495 2182; x_wconf 57' lang='grc' dir='ltr'><strong>ς</strong></span> 
     </span>
     <span class='ocr_line' id='line_1_17' title="bbox 299 2218 1495 2317; baseline 0.003 -31"><span class='ocrx_word' id='word_1_115' title='bbox 299 2218 550 2308; x_wconf 83' lang='lat' dir='ltr'><strong>decurrentem,</strong></span> <span class='ocrx_word' id='word_1_116' title='bbox 569 2224 706 2309; x_wconf 71' lang='lat' dir='ltr'><strong>transit,</strong></span> <span class='ocrx_word' id='word_1_117' title='bbox 720 2222 833 2317; x_wconf 92' lang='lat' dir='ltr'><strong>ibique</strong></span> <span class='ocrx_word' id='word_1_118' title='bbox 846 2236 920 2291; x_wconf 89' lang='lat' dir='ltr'><strong>tuto</strong></span> <span class='ocrx_word' id='word_1_119' title='bbox 932 2235 966 2290; x_wconf 90' lang='lat' dir='ltr'><strong>et</strong></span> <span class='ocrx_word' id='word_1_120' title='bbox 977 2237 1171 2317; x_wconf 78' lang='lat' dir='ltr'><strong>opportuno</strong></span> <span class='ocrx_word' id='word_1_121' title='bbox 1182 2221 1257 2292; x_wconf 86' lang='lat' dir='ltr'><strong>loco</strong></span> <span class='ocrx_word' id='word_1_122' title='bbox 1270 2237 1382 2293; x_wconf 86' lang='lat' dir='ltr'><strong>castra</strong></span> <span class='ocrx_word' id='word_1_123' title='bbox 1494 2255 1495 2290; x_wconf 67' lang='lat' dir='ltr'>f</span> 
     </span>
    </p>
   </div>
   <div class='ocr_carea' id='block_1_5' title="bbox 298 2328 1384 2615">
    <p class='ocr_par' dir='ltr' id='par_1_5' title="bbox 298 2328 1384 2615">
     <span class='ocr_line' id='line_1_18' title="bbox 300 2328 1384 2417; baseline 0.002 -24"><span class='ocrx_word' id='word_1_124' title='bbox 300 2330 502 2417; x_wconf 86' lang='lat' dir='ltr'><strong>communit,</strong></span> <span class='ocrx_word' id='word_1_125' title='bbox 522 2328 659 2398; x_wconf 81' lang='lat' dir='ltr'><strong>flumine</strong></span> <span class='ocrx_word' id='word_1_126' title='bbox 677 2354 782 2398; x_wconf 91' lang='lat' dir='ltr'><strong>unum</strong></span> <span class='ocrx_word' id='word_1_127' title='bbox 806 2343 994 2399; x_wconf 84' lang='lat' dir='ltr'><strong>castrorum</strong></span> <span class='ocrx_word' id='word_1_128' title='bbox 1013 2329 1099 2398; x_wconf 91' lang='lat' dir='ltr'><strong>latus</strong></span> <span class='ocrx_word' id='word_1_129' title='bbox 1117 2328 1302 2417; x_wconf 87' lang='lat' dir='ltr'><strong>ambiente,</strong></span> <span class='ocrx_word' id='word_1_130' title='bbox 1324 2343 1384 2399; x_wconf 53' lang='lat' dir='ltr'><strong>tue</strong></span> 
     </span>
     <span class='ocr_line' id='line_1_19' title="bbox 299 2435 1380 2528; baseline 0.006 -29"><span class='ocrx_word' id='word_1_131' title='bbox 299 2445 438 2528; x_wconf 90' lang='lat' dir='ltr'><strong>tumque</strong></span> <span class='ocrx_word' id='word_1_132' title='bbox 459 2436 523 2504; x_wconf 85' lang='lat' dir='ltr'><strong>iter</strong></span> <span class='ocrx_word' id='word_1_133' title='bbox 545 2450 579 2505; x_wconf 89' lang='lat' dir='ltr'><strong>et</strong></span> <span class='ocrx_word' id='word_1_134' title='bbox 603 2436 814 2505; x_wconf 87' lang='lat' dir='ltr'><strong>Rhemorum</strong></span> <span class='ocrx_word' id='word_1_135' title='bbox 838 2450 872 2505; x_wconf 89' lang='lat' dir='ltr'><strong>et</strong></span> <span class='ocrx_word' id='word_1_136' title='bbox 899 2436 1035 2505; x_wconf 89' lang='lat' dir='ltr'><strong>urbium</strong></span> <span class='ocrx_word' id='word_1_137' title='bbox 1058 2435 1198 2503; x_wconf 83' lang='lat' dir='ltr'><strong>aliarum</strong></span> <span class='ocrx_word' id='word_1_138' title='bbox 1228 2439 1380 2507; x_wconf 88' lang='lat' dir='ltr'><strong>venturis</strong></span> 
     </span>
     <span class='ocr_line' id='line_1_20' title="bbox 298 2542 1383 2615; baseline 0.002 -9"><span class='ocrx_word' id='word_1_139' title='bbox 298 2543 540 2612; x_wconf 83' lang='lat' dir='ltr'><strong>commeatibus</strong></span> <span class='ocrx_word' id='word_1_140' title='bbox 573 2543 763 2612; x_wconf 88' lang='lat' dir='ltr'><strong>adhibente.</strong></span> <span class='ocrx_word' id='word_1_141' title='bbox 793 2544 922 2613; x_wconf 85' lang='lat' dir='ltr'><strong>Castris</strong></span> <span class='ocrx_word' id='word_1_142' title='bbox 950 2543 1042 2612; x_wconf 91' lang='lat' dir='ltr'><strong>omni</strong></span> <span class='ocrx_word' id='word_1_143' title='bbox 1074 2542 1298 2615; x_wconf 87' lang='lat' dir='ltr'><strong>sollicitudine</strong></span> <span class='ocrx_word' id='word_1_144' title='bbox 1326 2546 1383 2613; x_wconf 91' lang='lat' dir='ltr'><strong>in·.</strong></span> 
     </span>
    </p>
   </div>
   <div class='ocr_carea' id='block_1_6' title="bbox 295 2649 1495 3277">
    <p class='ocr_par' dir='ltr' id='par_1_6' title="bbox 295 2649 1495 3277">
     <span class='ocr_line' id='line_1_21' title="bbox 298 2649 1495 2746; baseline 0.012 -33"><span class='ocrx_word' id='word_1_145' title='bbox 298 2649 464 2742; x_wconf 85' lang='lat' dir='ltr'><strong>genioque</strong></span> <span class='ocrx_word' id='word_1_146' title='bbox 483 2649 640 2736; x_wconf 87' lang='lat' dir='ltr'><strong>firmatis,</strong></span> <span class='ocrx_word' id='word_1_147' title='bbox 657 2665 692 2718; x_wconf 90' lang='lat' dir='ltr'><strong>et</strong></span> <span class='ocrx_word' id='word_1_148' title='bbox 711 2649 867 2745; x_wconf 68' lang='lat' dir='ltr'><strong>presidio</strong></span> <span class='ocrx_word' id='word_1_149' title='bbox 888 2651 999 2744; x_wconf 89' lang='lat' dir='ltr'><strong>ponti,</strong></span> <span class='ocrx_word' id='word_1_150' title='bbox 1028 2651 1086 2742; x_wconf 87' lang='lat' dir='ltr'><strong>qui</strong></span> <span class='ocrx_word' id='word_1_151' title='bbox 1115 2649 1262 2720; x_wconf 86' lang='lat' dir='ltr'><strong>lluminis</strong></span> <span class='ocrx_word' id='word_1_152' title='bbox 1286 2652 1381 2746; x_wconf 65' lang='lat' dir='ltr'><strong>ripae</strong></span> <span class='ocrx_word' id='word_1_153' title='bbox 1491 2687 1495 2727; x_wconf 73' lang='grc' dir='ltr'>ι</span> 
     </span>
     <span class='ocr_line' id='line_1_22' title="bbox 296 2754 1494 2852; baseline 0.008 -32"><span class='ocrx_word' id='word_1_154' title='bbox 296 2754 740 2852; x_wconf 69' lang='lat' dir='ltr'><strong>conjungebat,·²imposito,</strong></span> <span class='ocrx_word' id='word_1_155' title='bbox 764 2772 798 2826; x_wconf 86' lang='lat' dir='ltr'><strong>et</strong></span> <span class='ocrx_word' id='word_1_156' title='bbox 820 2767 913 2828; x_wconf 83' lang='lat' dir='ltr'><strong>trans</strong></span> <span class='ocrx_word' id='word_1_157' title='bbox 934 2771 1071 2850; x_wconf 85' lang='lat' dir='ltr'><strong>pontem</strong></span> <span class='ocrx_word' id='word_1_158' title='bbox 1091 2757 1223 2827; x_wconf 72' lang='lat' dir='ltr'><strong>Titinio</strong></span> <span class='ocrx_word' id='word_1_159' title='bbox 1250 2757 1380 2828; x_wconf 84' lang='lat' dir='ltr'><strong>Sabino</strong></span> <span class='ocrx_word' id='word_1_160' title='bbox 1491 2794 1494 2829; x_wconf 75' lang='lat' dir='ltr'><em>z</em></span> 
     </span>
     <span class='ocr_line' id='line_1_23' title="bbox 295 2856 1494 2954; baseline 0.013 -28"><span class='ocrx_word' id='word_1_161' title='bbox 295 2856 406 2954; x_wconf 78' lang='lat' dir='ltr'><strong>legato</strong></span> <span class='ocrx_word' id='word_1_162' title='bbox 421 2867 499 2930; x_wconf 90' lang='lat' dir='ltr'><strong>cum</strong></span> <span class='ocrx_word' id='word_1_163' title='bbox 517 2887 576 2932; x_wconf 85' lang='lat' dir='ltr'><strong>sex</strong></span> <span class='ocrx_word' id='word_1_164' title='bbox 594 2863 789 2933; x_wconf 82' lang='lat' dir='ltr'><strong>cohortibus</strong></span> <span class='ocrx_word' id='word_1_165' title='bbox 809 2863 854 2932; x_wconf 87' lang='lat' dir='ltr'><strong>ad</strong></span> <span class='ocrx_word' id='word_1_166' title='bbox 873 2862 1060 2933; x_wconf 85' lang='lat' dir='ltr'><strong>custodiam</strong></span> <span class='ocrx_word' id='word_1_167' title='bbox 1071 2863 1376 2953; x_wconf 71' lang='lat' dir='ltr'><strong>misso„novaCae-</strong></span> <span class='ocrx_word' id='word_1_168' title='bbox 1457 2865 1494 2941; x_wconf 68' lang='lat' dir='ltr'><strong>&#39;s</strong></span> 
     </span>
     <span class='ocr_line' id='line_1_24' title="bbox 296 2968 1493 3064; baseline 0.008 -32"><span class='ocrx_word' id='word_1_169' title='bbox 296 2968 378 3036; x_wconf 91' lang='lat' dir='ltr'><strong>saris</strong></span> <span class='ocrx_word' id='word_1_170' title='bbox 392 2969 545 3038; x_wconf 87' lang='lat' dir='ltr'><strong>animum·</strong></span> <span class='ocrx_word' id='word_1_171' title='bbox 555 2970 633 3039; x_wconf 84' lang='lat' dir='ltr'><strong>ferit</strong></span> <span class='ocrx_word' id='word_1_172' title='bbox 645 2995 735 3040; x_wconf 80' lang='lat' dir='ltr'><strong>cura.</strong></span> <span class='ocrx_word' id='word_1_173' title='bbox 753 2970 885 3064; x_wconf 88' lang='lat' dir='ltr'><strong>Nempe</strong></span> <span class='ocrx_word' id='word_1_174' title='bbox 905 2969 1270 3064; x_wconf 82' lang='lat' dir='ltr'><strong>Bibracem‚0ppidum</strong></span> <span class='ocrx_word' id='word_1_175' title='bbox 1283 2970 1377 3040; x_wconf 83' lang='lat' dir='ltr'><strong>Rhe·</strong></span> <span class='ocrx_word' id='word_1_176' title='bbox 1491 3011 1493 3047; x_wconf 66' lang='lat'>;</span> 
     </span>
     <span class='ocr_line' id='line_1_25' title="bbox 295 3073 1492 3171; baseline 0.008 -32"><span class='ocrx_word' id='word_1_177' title='bbox 295 3095 429 3142; x_wconf 89' lang='lat' dir='ltr'><strong>morum</strong></span> <span class='ocrx_word' id='word_1_178' title='bbox 447 3100 516 3144; x_wconf 91' lang='lat' dir='ltr'><strong>non</strong></span> <span class='ocrx_word' id='word_1_179' title='bbox 539 3077 601 3146; x_wconf 89' lang='lat' dir='ltr'><strong>nisi</strong></span> <span class='ocrx_word' id='word_1_180' title='bbox 620 3091 698 3146; x_wconf 89' lang='lat' dir='ltr'><strong>octo</strong></span> <span class='ocrx_word' id='word_1_181' title='bbox 717 3073 863 3144; x_wconf 90' lang='lat' dir='ltr'><strong>millibus</strong></span> <span class='ocrx_word' id='word_1_182' title='bbox 882 3100 1042 3171; x_wconf 88' lang='lat' dir='ltr'><strong>passuum</strong></span> <span class='ocrx_word' id='word_1_183' title='bbox 1054 3087 1219 3146; x_wconf 75' lang='lat' dir='ltr'><strong>semotum</strong></span> <span class='ocrx_word' id='word_1_184' title='bbox 1229 3093 1377 3154; x_wconf 77' lang='lat' dir='ltr'><strong>aroma-j</strong></span> <span class='ocrx_word' id='word_1_185' title='bbox 1491 3132 1492 3135; x_wconf 17' lang='grc' dir='ltr'>η</span> 
     </span>
     <span class='ocr_line' id='line_1_26' title="bbox 295 3179 1492 3277; baseline 0.01 -31"><span class='ocrx_word' id='word_1_186' title='bbox 295 3179 347 3248; x_wconf 91' lang='lat' dir='ltr'><strong>nis</strong></span> <span class='ocrx_word' id='word_1_187' title='bbox 365 3182 497 3270; x_wconf 84' lang='lat' dir='ltr'><strong>castris,</strong></span> <span class='ocrx_word' id='word_1_188' title='bbox 530 3182 648 3276; x_wconf 80' lang='lat' dir='ltr'><strong>Belgas</strong></span> <span class='ocrx_word' id='word_1_189' title='bbox 675 3184 778 3252; x_wconf 88' lang='lat' dir='ltr'><strong>tantis</strong></span> <span class='ocrx_word' id='word_1_190' title='bbox 792 3220 795 3228; x_wconf 92' lang='lat'>·</span> <span class='ocrx_word' id='word_1_191' title='bbox 809 3182 937 3252; x_wconf 88' lang='lat' dir='ltr'><strong>viribus</strong></span> <span class='ocrx_word' id='word_1_192' title='bbox 963 3202 1160 3277; x_wconf 82' lang='lat' dir='ltr'><strong>oppugnare</strong></span> <span class='ocrx_word' id='word_1_193' title='bbox 1181 3185 1376 3257; x_wconf 83' lang='lat' dir='ltr'><strong>nuntiatum</strong></span> <span class='ocrx_word' id='word_1_194' title='bbox 1491 3250 1492 3263; x_wconf 13' lang='grc' dir='ltr'><strong>ξ</strong></span> 
     </span>
    </p>
   </div>
   <div class='ocr_carea' id='block_1_7' title="bbox 289 3286 1418 4247">
    <p class='ocr_par' dir='ltr' id='par_1_7' title="bbox 289 3286 1418 4247">
     <span class='ocr_line' id='line_1_27' title="bbox 295 3286 1377 3382; baseline 0.009 -31"><span class='ocrx_word' id='word_1_195' title='bbox 295 3299 361 3373; x_wconf 87' lang='lat' dir='ltr'><strong>est,</strong></span> <span class='ocrx_word' id='word_1_196' title='bbox 380 3303 417 3356; x_wconf 91' lang='lat' dir='ltr'><strong>ut</strong></span> <span class='ocrx_word' id='word_1_197' title='bbox 425 3317 443 3376; x_wconf 46' lang='lat' dir='ltr'><strong>,r</strong></span> <span class='ocrx_word' id='word_1_198' title='bbox 457 3313 525 3382; x_wconf 83' lang='lat' dir='ltr'><strong>proc</strong></span> <span class='ocrx_word' id='word_1_199' title='bbox 552 3289 766 3359; x_wconf 88' lang='lat' dir='ltr'><strong>multitudine</strong></span> <span class='ocrx_word' id='word_1_200' title='bbox 779 3287 913 3382; x_wconf 74' lang='lat' dir='ltr'><strong>,lapides</strong></span> <span class='ocrx_word' id='word_1_201' title='bbox 935 3311 976 3359; x_wconf 82' lang='lat' dir='ltr'><strong>ac</strong></span> <span class='ocrx_word' id='word_1_202' title='bbox 994 3286 1059 3359; x_wconf 81' lang='lat' dir='ltr'><strong>tela</strong></span> <span class='ocrx_word' id='word_1_203' title='bbox 1074 3288 1290 3381; x_wconf 70' lang='lat' dir='ltr'><strong>jactantium,</strong></span> <span class='ocrx_word' id='word_1_204' title='bbox 1308 3315 1377 3365; x_wconf 82' lang='lat' dir='ltr'><strong>nec</strong></span> 
     </span>
     <span class='ocr_line' id='line_1_28' title="bbox 294 3389 1374 3492; baseline 0.006 -32"><span class='ocrx_word' id='word_1_205' title='bbox 294 3389 632 3490; x_wconf 68' lang='lat' dir='ltr'><strong>defendi‘oppidum,</strong></span> <span class='ocrx_word' id='word_1_206' title='bbox 654 3420 717 3464; x_wconf 88' lang='lat' dir='ltr'><strong>nce</strong></span> <span class='ocrx_word' id='word_1_207' title='bbox 742 3397 779 3463; x_wconf 90' lang='lat' dir='ltr'><strong>in&#39;</strong></span> <span class='ocrx_word' id='word_1_208' title='bbox 798 3396 908 3463; x_wconf 88' lang='lat' dir='ltr'><strong>muris</strong></span> <span class='ocrx_word' id='word_1_209' title='bbox 922 3397 1060 3465; x_wconf 78' lang='lat' dir='ltr'><strong>scusisti</strong></span> <span class='ocrx_word' id='word_1_210' title='bbox 1081 3396 1195 3490; x_wconf 83' lang='lat' dir='ltr'><strong>possit.</strong></span> <span class='ocrx_word' id='word_1_211' title='bbox 1216 3399 1374 3492; x_wconf 86' lang='lat' dir='ltr'><strong>Denique</strong></span> 
     </span>
     <span class='ocr_line' id='line_1_29' title="bbox 289 3497 1375 3597; baseline 0.006 -29"><span class='ocrx_word' id='word_1_212' title='bbox 289 3497 361 3590; x_wconf 85' lang='lat' dir='ltr'><strong>jam</strong></span> <span class='ocrx_word' id='word_1_213' title='bbox 381 3527 516 3570; x_wconf 87' lang='lat' dir='ltr'><strong>murum</strong></span> <span class='ocrx_word' id='word_1_214' title='bbox 534 3503 638 3589; x_wconf 90' lang='lat' dir='ltr'><strong>dirui,</strong></span> <span class='ocrx_word' id='word_1_215' title='bbox 652 3502 723 3595; x_wconf 91' lang='lat' dir='ltr'><strong>jam</strong></span> <span class='ocrx_word' id='word_1_216' title='bbox 740 3516 856 3596; x_wconf 80' lang='lat' dir='ltr'><strong>portas</strong></span> <span class='ocrx_word' id='word_1_217' title='bbox 875 3502 1027 3590; x_wconf 80' lang='lat' dir='ltr'><strong>inccndi3</strong></span> <span class='ocrx_word' id='word_1_218' title='bbox 1049 3527 1112 3574; x_wconf 89' lang='lat' dir='ltr'><strong>uec</strong></span> <span class='ocrx_word' id='word_1_219' title='bbox 1130 3503 1271 3580; x_wconf 73' lang='lat' dir='ltr'><strong>dubusm</strong></span> <span class='ocrx_word' id='word_1_220' title='bbox 1289 3507 1375 3597; x_wconf 85' lang='lat' dir='ltr'><strong>quin</strong></span> 
     </span>
     <span class='ocr_line' id='line_1_30' title="bbox 290 3604 1418 3705; baseline 0.004 -30"><span class='ocrx_word' id='word_1_221' title='bbox 290 3604 361 3697; x_wconf 90' lang='lat' dir='ltr'><strong>jam</strong></span> <span class='ocrx_word' id='word_1_222' title='bbox 374 3607 502 3678; x_wconf 91' lang='lat' dir='ltr'><strong>dudum</strong></span> <span class='ocrx_word' id='word_1_223' title='bbox 514 3609 721 3705; x_wconf 87' lang='lat' dir='ltr'><strong>oppugnatio</strong></span> <span class='ocrx_word' id='word_1_224' title='bbox 740 3620 971 3678; x_wconf 83' lang='lat' dir='ltr'><strong>consummata</strong></span> <span class='ocrx_word' id='word_1_225' title='bbox 978 3623 1080 3697; x_wconf 79' lang='lat' dir='ltr'><strong>esset,</strong></span> <span class='ocrx_word' id='word_1_226' title='bbox 1093 3611 1157 3680; x_wconf 80' lang='lat' dir='ltr'><strong>uisi</strong></span> <span class='ocrx_word' id='word_1_227' title='bbox 1169 3609 1374 3704; x_wconf 84' lang='lat' dir='ltr'><strong>direruptrix</strong></span> <span class='ocrx_word' id='word_1_228' title='bbox 1415 3632 1418 3640; x_wconf 91' lang='grc'><strong>’</strong></span> 
     </span>
     <span class='ocr_line' id='line_1_31' title="bbox 293 3713 1373 3810; baseline 0.007 -30"><span class='ocrx_word' id='word_1_229' title='bbox 293 3713 485 3806; x_wconf 67' lang='lat' dir='ltr'><strong>proeliorum</strong></span> <span class='ocrx_word' id='word_1_230' title='bbox 504 3741 570 3784; x_wconf 84' lang='lat' dir='ltr'><strong>nox</strong></span> <span class='ocrx_word' id='word_1_231' title='bbox 588 3715 907 3803; x_wconf 83' lang='lat' dir='ltr'><strong>intervenisset,nec</strong></span> <span class='ocrx_word' id='word_1_232' title='bbox 927 3718 1082 3789; x_wconf 85' lang='lat' dir='ltr'><strong>sustineri</strong></span> <span class='ocrx_word' id='word_1_233' title='bbox 1099 3739 1200 3810; x_wconf 67' lang='lat' dir='ltr'><strong>posse</strong></span> <span class='ocrx_word' id='word_1_234' title='bbox 1210 3715 1373 3810; x_wconf 83' lang='lat' dir='ltr'><strong>amplius,</strong></span> 
     </span>
     <span class='ocr_line' id='line_1_32' title="bbox 293 3820 1370 3916; baseline 0.008 -30"><span class='ocrx_word' id='word_1_235' title='bbox 293 3820 357 3888; x_wconf 90' lang='lat' dir='ltr'><strong>nisi</strong></span> <span class='ocrx_word' id='word_1_236' title='bbox 366 3822 542 3891; x_wconf 85' lang='lat' dir='ltr'><strong>confestim</strong></span> <span class='ocrx_word' id='word_1_237' title='bbox 563 3820 793 3892; x_wconf 87' lang='lat' dir='ltr'><strong>laborantibus</strong></span> <span class='ocrx_word' id='word_1_238' title='bbox 807 3836 1033 3897; x_wconf 81' lang='lat' dir='ltr'><strong>succurratur.</strong></span> <span class='ocrx_word' id='word_1_239' title='bbox 1047 3826 1130 3897; x_wconf 70' lang='lat' dir='ltr'><strong>Haec</strong></span> <span class='ocrx_word' id='word_1_240' title='bbox 1143 3847 1247 3916; x_wconf 83' lang='lat' dir='ltr'><strong>quum</strong></span> <span class='ocrx_word' id='word_1_241' title='bbox 1258 3825 1370 3903; x_wconf 76' lang='lat' dir='ltr'><strong>Iccius</strong></span> 
     </span>
     <span class='ocr_line' id='line_1_33' title="bbox 292 3926 1372 4025; baseline 0.008 -33"><span class='ocrx_word' id='word_1_242' title='bbox 292 3926 500 3997; x_wconf 88' lang='lat' dir='ltr'><strong>Rhemorum</strong></span> <span class='ocrx_word' id='word_1_243' title='bbox 518 3927 821 4018; x_wconf 52' lang='lat' dir='ltr'><strong>nobilissimumnet</strong></span> <span class='ocrx_word' id='word_1_244' title='bbox 843 3929 968 4025; x_wconf 88' lang='lat' dir='ltr'><strong>populo</strong></span> <span class='ocrx_word' id='word_1_245' title='bbox 992 3931 1262 4024; x_wconf 69' lang='lat' dir='ltr'><strong>acceptissimus,</strong></span> <span class='ocrx_word' id='word_1_246' title='bbox 1281 3955 1372 4005; x_wconf 85' lang='lat' dir='ltr'><strong>unus</strong></span> 
     </span>
     <span class='ocr_line' id='line_1_34' title="bbox 292 4022 1371 4132; baseline 0.008 -33"><span class='ocrx_word' id='word_1_247' title='bbox 292 4055 333 4100; x_wconf 84' lang='lat' dir='ltr'><strong>ex</strong></span> <span class='ocrx_word' id='word_1_248' title='bbox 354 4034 407 4104; x_wconf 89' lang='lat' dir='ltr'><strong>his</strong></span> <span class='ocrx_word' id='word_1_249' title='bbox 425 4034 555 4104; x_wconf 87' lang='lat' dir='ltr'><strong>duobus</strong></span> <span class='ocrx_word' id='word_1_250' title='bbox 576 4022 639 4132; x_wconf 56' lang='lat' dir='ltr'><strong>[qui</strong></span> <span class='ocrx_word' id='word_1_251' title='bbox 658 4035 708 4106; x_wconf 85' lang='lat' dir='ltr'><strong>&#39;ad</strong></span> <span class='ocrx_word' id='word_1_252' title='bbox 736 4039 903 4109; x_wconf 80' lang='lat' dir='ltr'><strong>Caesarem</strong></span> <span class='ocrx_word' id='word_1_253' title='bbox 934 4037 1034 4132; x_wconf 88' lang='lat' dir='ltr'><strong>legati</strong></span> <span class='ocrx_word' id='word_1_254' title='bbox 1067 4060 1172 4131; x_wconf 84' lang='lat' dir='ltr'><strong>quum</strong></span> <span class='ocrx_word' id='word_1_255' title='bbox 1191 4035 1371 4108; x_wconf 60' lang='lat' dir='ltr'><strong>arnume</strong></span> 
     </span>
     <span class='ocr_line' id='line_1_35' title="bbox 291 4139 1370 4247; baseline 0.008 -38"><span class='ocrx_word' id='word_1_256' title='bbox 291 4139 385 4211; x_wconf 86' lang='lat' dir='ltr'><strong>urbis</strong></span> <span class='ocrx_word' id='word_1_257' title='bbox 403 4141 629 4232; x_wconf 86' lang='lat' dir='ltr'><strong>advenerant,</strong></span> <span class='ocrx_word' id='word_1_258' title='bbox 647 4157 719 4216; x_wconf 89' lang='lat' dir='ltr'><strong>tum</strong></span> <span class='ocrx_word' id='word_1_259' title='bbox 738 4169 821 4216; x_wconf 84' lang='lat' dir='ltr'><strong>vero</strong></span> <span class='ocrx_word' id='word_1_260' title='bbox 843 4143 960 4238; x_wconf 89' lang='lat' dir='ltr'><strong>oppidi</strong></span> <span class='ocrx_word' id='word_1_261' title='bbox 977 4143 1169 4238; x_wconf 67' lang='lat' dir='ltr'><strong>prefectus,</strong></span> <span class='ocrx_word' id='word_1_262' title='bbox 1189 4156 1290 4216; x_wconf 80' lang='lat' dir='ltr'><strong>necte</strong></span> <span class='ocrx_word' id='word_1_263' title='bbox 1311 4145 1370 4247; x_wconf 50' lang='lat' dir='ltr'><strong>deq</strong></span> 
     </span>
    </p>
   </div>
   <div class='ocr_carea' id='block_1_8' title="bbox 0 0 1504 5025">
    <p class='ocr_par' dir='ltr' id='par_1_8' title="bbox 0 0 1504 5025">
     <span class='ocr_line' id='line_1_36' title="bbox 0 0 1504 5025; baseline 0 7"><span class='ocrx_word' id='word_1_264' title='bbox 0 0 1504 5025; x_wconf 95' lang='lat' dir='ltr'><strong> </strong></span> 
     </span>
    </p>
   </div>
  </div>
 </body>
</html>
