3000 5025
310 476 375 545 uu
402 476 527 581 vira
553 472 700 545 tutu
728 472 969 547 casurus
1115 478 1186 553 ²05

23 642 24 653 ¹
111 609 258 695 nctous,
275 627 317 679 ac
336 608 480 679 fortune
501 608 639 703 obsequi
660 607 836 678 delinitum
850 595 920 703 estf3
938 610 1096 707 missique
1113 638 1188 683 car·

22 740 24 813 j
110 716 234 803 nifices,
249 718 310 810 qui
324 740 343 784 e
357 717 435 784 navi
449 717 483 783 in
498 715 658 810 scapham
681 716 743 785 sub
761 730 926 810 praetexui
944 718 1120 812 procellosi
1139 720 1189 793 lit

22 818 23 871 5
112 825 183 892 toris
204 848 288 892 cum
311 823 428 917 paucis
447 837 645 916 exceptum,
667 836 706 891 ut
726 822 770 891 ad
789 846 903 917 regem
922 823 1119 914 duceretur,
1136 831 1187 896 in·-

22 984 23 989 ,
110 930 305 999 terficerent.
329 931 361 997 O
386 928 522 999 fortuna
548 930 744 1019 hominum,
766 943 802 998 et
826 954 940 999 rerum
963 934 1071 1003 exitus
1092 960 1187 1029 pros·

22 1040 23 1043 ’
110 1032 274 1129 penarum!
288 1037 350 1106 sub
359 1034 418 1105 filii
427 1051 526 1129 atque
536 1038 691 1107 uxoriset
700 1036 887 1105 amicorum
895 1036 1189 1112 oculiscrudeliter

109 1143 298 1213 interfectus
325 1156 377 1212 est
401 1141 511 1236 gladio
539 1142 678 1213 Achillas
707 1144 877 1213 saevissimi
903 1145 1067 1234 hominis,
1085 1162 1187 1242 atque

109 1252 252 1345 Septimii
281 1252 346 1318 viri
371 1250 615 1338 immanissimi,
635 1249 715 1319 olim
743 1253 814 1338 sui,
835 1264 918 1320 tunc
945 1254 1028 1347 regii
1056 1253 1188 1343 militis,

108 1358 152 1424 sui
168 1372 286 1426 autern
305 1352 503 1425 desertoris!
521 1356 632 1452 pudor
649 1355 932 1453 inexpugnabilis,
950 1384 1129 1429 romanum
1147 1364 1189 1431 ci-

108 1486 198 1551 vem,
218 1464 264 1534 ad
287 1487 465 1533 romanum
495 1465 680 1559 principem
702 1463 961 1549 trucidandum,
982 1468 1031 1537 sic
1055 1470 1189 1561 aegyptii

109 1584 137 1638 ct
152 1570 302 1641 obscaeni
321 1572 408 1665 regis
425 1571 565 1665 imperio
584 1567 750 1665 paruisse!
773 1572 806 1639 0
825 1586 953 1665 quanto
973 1588 1047 1642 erat
1066 1573 1189 1643 hones·

110 1679 166 1745 tior
191 1702 314 1766 casus,
335 1679 401 1745 nisi
428 1700 567 1747 romana
593 1700 712 1747 manus
737 1673 988 1747 intervenisset!
1006 1679 1073 1749 Sed
1099 1680 1189 1751 banc

21 1852 22 1867 .
109 1782 269 1853 malorum
292 1787 413 1853 seriem
435 1784 571 1853 fortuna
594 1797 768 1872 texuerat,
787 1784 908 1853 necubi
934 1784 1040 1855 civilis
1061 1786 1190 1857 deesset

107 1892 245 1960 insama:
260 1892 289 1960 si
310 1890 353 1959 ad
375 1889 478 1960 ludos
500 1905 674 1987 pergeret,
693 1914 852 1978 romano,
870 1914 967 1979 reor,
984 1890 1096 1988 gladio
1112 1918 1189 1989 per·

21 1996 23 2009 ¹
109 1998 250 2067 eundum
275 2012 356 2067 erat.
378 1998 512 2092 Corpus
534 1998 605 2091 ejus
627 2000 662 2067 in
681 1998 791 2067 undas
808 1996 996 2091 abjectum,
1015 2016 1118 2094 caput
1136 2026 1189 2071 re·

109 2120 274 2173 servatum
304 2106 361 2200 pio
385 2106 507 2174 victori
531 2128 653 2175 munus
679 2106 837 2199 impium,
856 2104 986 2173 donum
1011 2105 1189 2178 donatario

109 2202 299 2307 indignum,
318 2210 377 2281 sed
398 2211 545 2283 donante
567 2210 801 2306 dignissimum
818 2237 827 2280 :
842 2213 938 2280 navis
957 2214 993 2281 in
1014 2236 1081 2307 qua
1104 2238 1190 2285 uror

75 2364 78 2378 .
108 2334 172 2387 erat
193 2332 228 2387 et
247 2316 360 2401 filius,
379 2317 458 2413 fuga
481 2318 607 2404 evasit,
620 2316 748 2411 aliquot
770 2316 843 2386 alie
862 2333 989 2412 captae,
1002 2319 1190 2391 crudeliter

20 2419 22 2530 j
107 2448 166 2518 que
186 2425 313 2495 habitae
326 2450 334 2491 :
348 2440 467 2519 captus
488 2439 522 2493 ct
541 2422 706 2493 Lentulus
728 2448 769 2493 ac
790 2423 973 2519 perductae
991 2426 1035 2493 ad
1054 2451 1189 2522 regem3

20 2531 22 2618 f
107 2545 132 2602 et
149 2535 183 2601 in
202 2533 359 2602 custodia
375 2547 541 2602 enecatus.
560 2533 594 2600 Is
612 2533 764 2626 Pompeii
783 2530 937 2625 quidem,
956 2532 1015 2601 sed
1029 2559 1098 2603 non
1112 2535 1190 2605 belli

20 2661 21 2720 ξ
107 2638 205 2708 civilis
223 2640 333 2708 exitus
356 2639 429 2707 luit

155 2748 272 2815 Caesar
287 2767 369 2814 vero
383 2759 462 2839 post
477 2745 673 2829 victoriam,
689 2745 842 2838 Pompeii
856 2743 1005 2838 vestigiis
1017 2747 1189 2834 insistens,

107 2852 191 2944 quod
212 2853 366 2949 paucitas
385 2850 501 2947 fugam
514 2850 757 2920 clandestinam
778 2850 941 2937 faciebat,
953 2853 1091 2920 incertis
1104 2854 1189 2922 indi-

107 2960 160 3028 ciis
177 2961 213 3028 in
227 2960 343 3028 Asiam
359 2959 525 3052 perrexit:
542 2971 580 3024 ut
592 2955 673 3025 illud
686 2955 780 3026 nullo
794 2956 897 3025 modo
910 2956 1074 3048 siluerim,
1084 2959 1191 3053 quod,

108 3063 182 3134 dum
205 3065 384 3161 praemissis
406 3063 591 3158 legionibus
616 3065 688 3157 ipse
713 3087 776 3158 per
799 3061 1055 3158 Hellespontum
1081 3069 1191 3137 victor

21 3245 22 3248 Ἴ
107 3171 292 3266 nulliusque
316 3171 386 3264 jam
408 3185 581 3258 metuens,
602 3171 704 3241 unico
732 3194 907 3264 parvoque
933 3173 1068 3266 navigio
1098 3175 1189 3267 traji-

110 3294 210 3368 ceret,
232 3294 268 3348 et
299 3277 386 3346 forte
411 3280 450 3346 L.
473 3277 627 3346 Cassium
644 3278 764 3370 pertis
791 3275 940 3346 adversae
967 3277 1088 3346 ducem
1111 3305 1189 3349 cum

109 3383 220 3456 decem
236 3386 369 3479 maguis
382 3384 523 3452 navibus
540 3383 677 3453 obvium
696 3383 890 3471 habuisset,
909 3383 968 3452 ubi
985 3408 1087 3454 uerno
1106 3385 1190 3458 alius

110 3515 173 3560 non
199 3495 389 3580 timuisset,
404 3492 466 3560 iste
488 3489 578 3558 ultro
605 3492 765 3576 accessit,
786 3490 1007 3584 hortatusque
1027 3492 1073 3560 ad
1097 3493 1189 3563 dedi·

109 3599 248 3686 tionem,
264 3614 364 3692 atque
378 3595 611 3684 obedientem,
625 3611 661 3665 et
678 3597 720 3664 ad
738 3621 776 3666 se
789 3595 983 3691 suppliciter
1001 3600 1188 3670 venientem

109 3726 182 3774 cum
209 3720 281 3801 tota
302 3704 407 3774 classe
433 3706 587 3798 suscepit.
611 3704 758 3771 Tantum
786 3705 927 3773 Caesaris
948 3729 1074 3774 nomen
1098 3723 1190 3795 erat,

109 3824 146 3879 ut
165 3812 289 3908 ubique
318 3827 458 3907 potens,
477 3811 601 3906 ubique
627 3811 807 3880 comitatus
827 3824 863 3878 et
889 3814 1020 3906 magnis
1044 3814 1189 3882 circum«

110 3915 246 3992 rallatm
274 3919 474 3988 exercitibus
500 3917 703 3988 crederetur.
726 3915 885 4012 Supplice
909 3943 992 4012 ergo
1013 3935 1190 4016 suscepto,

110 4045 202 4094 suum
221 4029 285 4096 iter
304 4028 388 4120 egit,
411 4041 513 4119 atque
535 4023 641 4113 Ilion,
661 4048 727 4095 sure
750 4023 844 4094 urbis
864 4025 1044 4118 originem,
1060 4027 1187 4113 invisit,

109 4142 146 4196 ut
166 4131 299 4224 quidam
321 4133 498 4227 prodidere
514 4131 584 4200 :ibi
602 4131 758 4220 audiens,
776 4129 868 4226 apud
882 4132 1037 4227 Cyprum
1046 4133 1190 4228 iusrtlam
