3000 5025
295 488 371 563 330
578 486 594 515 δ
679 491 996 562 PLUTARCHI

293 624 399 717 τερον,
416 623 583 717 ἠγανάκτει
601 624 677 718 πρὸς
698 626 831 706 έκαςον,
845 630 863 692 ό
878 624 932 716 μὲν
949 626 1081 701 Τύλλιος
1095 625 1152 699 τὴν
1168 616 1322 697 τύόεννον
1337 626 1395 689 αιἰ-

184 812 196 819 N
294 741 351 799 τοῦ
364 736 433 809 ταῖς
452 734 552 825 χερσὶν
567 731 755 825 ἀμφοτέραις
769 726 947 814 συλλαόὼν,
962 731 1026 799 άπὸ
1043 740 1099 797 τοῦ
1112 732 1274 821 τραχιίλου
1288 738 1396 803 κατεῖ·

293 863 355 933 γεν·
367 840 440 930 ὅπερ
453 834 488 916 ἦν
503 837 643 930 σύνθημα
658 847 714 916 τῆς
728 840 952 931 ἐπιχειρήσεως.
963 839 1093 930 Πρῶτος
1108 828 1144 903 δὲ
1158 835 1291 913 Κάσκας
1308 830 1394 926 ξίφει

294 939 481 1038 παίειποιρθι
499 945 553 1013 τὸν
568 946 697 1037 αὐχένα,
710 947 830 1040 πληγὴν
845 948 880 1013 ού
895 944 1124 1035 θανατηφόρον,
1135 933 1208 1018 οὐδὲ
1224 942 1360 1027 βαθεῖαν
1370 939 1394 1025 ¹,

295 1052 384 1134 ἀλλ’,
398 1056 437 1129 ώς
464 1050 558 1135 εἰκὸς,
580 1055 609 1119 ἐν
631 1052 711 1143 ἀρχῇ
737 1054 941 1143 τολμήματος
965 1048 1102 1145 μεγάλου
1126 1047 1305 1141 ταραχθείς·
1328 1055 1394 1127 ὥςε

295 1157 348 1225 καὶ
371 1157 424 1225 τόν
447 1156 592 1251 Καίσαρα
615 1160 856 1251 μετατραφίντα
878 1167 935 1228 τοῦ
955 1148 1137 1252 ἐγχειριδίου
1157 1150 1316 1225 λαθέσθαι
1341 1154 1395 1223 καὶ

296 1270 473 1355 κατασχεῖν.
489 1249 565 1357 Ᾰμα
583 1256 621 1331 δέ
634 1291 699 1343 πως
720 1259 928 1356 ἐξεφώνησαν,
947 1270 964 1336 ό
985 1266 1039 1358 μὲν
1066 1262 1213 1359 πληγεὶς,
1228 1247 1394 1355 θωμαῑςί·

302 1398 320 1435 α
338 1372 529 1464 Μιαρώτατε
543 1373 672 1456 Κάσκα,
687 1370 725 1441 ,τί
739 1379 851 1456 ποιεῖςς
870 1401 888 1436 υ
905 1378 922 1439 ό
938 1362 974 1447 δθ
989 1364 1111 1449 πλήξας
1123 1422 1133 1453 ,
1145 1356 1301 1447 Ελληνιςὶ
1315 1372 1396 1463 πρὸς

297 1478 351 1545 τὸν
368 1468 512 1570 ἀδελφόν·
532 1506 550 1543 ιι
569 1467 711 1571 Ᾰδελφὲ,
729 1478 833 1565 βοηθει
844 1477 866 1545 ².
886 1508 904 1543 »
921 1480 1077 1556 Τοιαύτης
1093 1468 1129 1545 δὲ
1143 1488 1285 1572 ταραχῆς
1308 1502 1397 1571 γενο-

298 1584 408 1676 μένης,
422 1586 494 1664 τοὺς
505 1590 560 1677 μὲν
579 1578 667 1653 οὐδὲν
685 1578 864 1665 συνειδότας
879 1580 1023 1665 ἔκπληξις
1040 1581 1122 1677 εἶχε,
1135 1585 1187 1651 καὶ
1200 1584 1295 1676 φρίκη
1316 1586 1397 1677 πρὸς

296 1686 339 1757 τὰ
354 1681 513 1785 δρώμενα,
530 1695 609 1785 μύτε
628 1695 768 1788 φεύγειν,
786 1696 859 1786 μέτ’
874 1694 1014 1786 ἀμύνειν,
1028 1688 1110 1763 αλλὰ
1124 1682 1204 1784 μηδὲ
1219 1694 1332 1783 φωνὴν
1353 1693 1398 1757 ἐκ-

299 1790 422 1865 όάλλειν
443 1804 636 1892 τολμῶντας.
663 1804 733 1869 Τῶν
756 1792 792 1867 δὲ
818 1802 1110 1893 παρεσκευασμένων
1135 1798 1186 1865 ἐπὶ
1213 1799 1270 1865 τὸν
1296 1798 1395 1889 φόνον

297 1908 410 1981 ἑκάς-ου
429 1906 541 1999 γυμνὸν
563 1897 786 1985 ἀποδείξαντος
805 1910 843 1977 τὸ
863 1902 965 1998 ξίφος,
985 1910 1015 1980 έν
1031 1908 1136 1991 κύκλῳ
1150 1905 1396 1998 περιεχόμενος,

298 2010 349 2078 καὶ
366 2013 441 2105 πρὸς
456 2015 475 2079 ό
488 2039 519 2079 τι
545 2010 665 2106 τρέψειε
683 2014 740 2084 τὴν
759 2011 848 2105 όψιν,
861 2020 995 2108 πληγαῖς
1015 2014 1162 2085 ἀπαντῶν
1174 2063 1184 2095 ,
1197 2011 1250 2079 καὶ
1270 2004 1396 2103 σιδήρῳ

297 2120 452 2209 φερομένῳ
472 2109 579 2209 (καὶ)
595 2119 679 2195 κατὰ
700 2123 866 2213 προσώπου
885 2120 937 2192 καὶ
955 2122 1027 2195 κατ’
1047 2119 1211 2210 ὀφθαλμῶν
1230 2109 1397 2190 διελαυνό·

219 2222 227 2247 “
299 2248 402 2314 μενος,
416 2229 517 2319 ὥσπερ
533 2220 634 2319 θηρίον
653 2229 794 2301 ἐνειλεῖτο
809 2236 878 2306 ταῖς
891 2227 1018 2296 πάντων
1033 2224 1145 2320 χερσίν.
1163 2210 1323 2304 Ᾰπαντας
1337 2223 1397 2321 γὰρ

299 2321 361 2395 ἔδει
378 2325 591 2423 κατάρξασθαι
607 2333 658 2403 καὶ
676 2334 842 2429 γεύσασθαι
859 2344 917 2406 τοῦ
929 2335 1035 2426 φόνου.
1049 2335 1103 2406 Διὸ
1118 2331 1171 2399 καὶ
1184 2335 1328 2425 Βροῦτος
1347 2334 1398 2399 αιἰ-

298 2443 345 2523 τῷ
365 2439 485 2533 πληγὴν
509 2434 632 2509 ε’νέόαλε
660 2439 731 2534 μίαν
760 2440 800 2522 εἰς
824 2442 878 2516 τὸν
908 2424 1086 2526 βουόῶναό.
1110 2440 1245 2534 Λέγεται
1270 2430 1304 2505 δ’
1336 2440 1397 2510 ὑπό

299 2570 408 2628 τινων,
426 2553 466 2624 ὡς
491 2543 551 2640 άρα
565 2549 641 2641 πρὸς
659 2549 732 2627 τοὺς
748 2545 860 2627 σίλλους
883 2535 1144 2642 άπομάχόμενος,
1165 2546 1218 2613 καὶ
1234 2537 1396 2639 διαφέρων

300 2643 389 2740 δεῦρο
405 2653 496 2722 κάκεῖ
508 2656 547 2722 τὸ
569 2663 674 2748 σῶμα,
689 2655 741 2724 καὶ
759 2659 937 2750 κεκραγὼς,
952 2660 1006 2724 ότι
1024 2659 1157 2744 Βροῦτον
1176 2645 1254 2720 εἶδεν
1277 2656 1398 2722 ἑοπασ·

301 2760 389 2850 μένον
417 2761 454 2828 τὸ
477 2753 580 2852 ξίφος,
601 2765 803 2852 ἐφειλκύσατο
829 2761 913 2834 κατὰ
936 2773 992 2840 τῖες
1011 2768 1143 2852 κεφαλῆς
1163 2762 1200 2828 τὸ
1228 2759 1362 2852 ἱμάτιον
1370 2747 1397 2844 ⁴,

300 2865 351 2932 καὶ
368 2877 502 2958 παρῆκεν
518 2871 645 2952 ἑαυτὸν,
663 2868 719 2936 εἴτ’
734 2869 797 2938 άπὸ
816 2873 931 2961 τύχης,
943 2870 1005 2936 εἴτε
1027 2869 1087 2949 ὑπὸ
1101 2878 1165 2936 τών
1181 2868 1396 2950 κτεινάντων,

301 2972 451 3051 ἀπωσθεὶς
464 2976 539 3066 πρὸς
553 2973 610 3048 τ’θν
628 2975 738 3060 βάσιν,
754 2979 801 3066 ἐφ’
814 2974 849 3055 ἧς
863 2983 881 3045 ό
897 2973 1064 3068 Πομπηίου
1081 2969 1210 3058 βέόηκεν
1224 2965 1360 3066 ἀνδριάς
1370 2958 1395 3040 ⁵.

300 3077 365 3144 Καὶ
383 3080 462 3150 πολὺ
482 3075 654 3174 καθῄμαξεν
677 3087 772 3161 αὐτῆς
786 3089 803 3151 ό
818 3084 927 3174 φόνος,
942 3090 982 3161 ὡς
1007 3073 1107 3150 δοκεῖν
1128 3082 1223 3149 αὐτόν
1243 3078 1397 3170 ἐφεςάναι

302 3195 343 3275 τῇ
364 3185 497 3279 τιμωρίᾳ
515 3198 573 3256 τοῦ
586 3189 733 3282 πολεμίου
749 3192 913 3282 Πομπόιον
927 3191 987 3258 ὑπὸ
1005 3180 1106 3265 πόδας
1121 3187 1326 3280 κεκλιμένου,
1345 3185 1397 3255 καὶ

301 3292 554 3386 περισπαίροντος
573 3297 633 3370 ὑπὸ
656 3295 790 3374 πληθους
813 3296 1012 3389 τραυμάτων.
1032 3294 1140 3364 Εἴκοσι
1161 3292 1221 3388 γὰρ
1240 3294 1295 3365 καὶ
1323 3292 1397 3385 τρία

300 3393 406 3464 λαθεῖν
423 3403 558 3495 λέγεται·
584 3401 635 3469 καὶ
657 3401 768 3470 πολλοὶ
783 3402 1021 3495 κατετρώθησαν
1046 3405 1099 3470 ὑπ’
1119 3402 1285 3484 άλληλων,
1302 3401 1344 3477 εἰς
1365 3398 1395 3467 ἓν

304 3497 534 3599 ἀπερειδόμενοι
550 3517 640 3602 σῶμα
655 3506 778 3604 πληγάς
796 3512 963 3588 τοσαύτας.

357 3615 500 3684 LXVII.
517 3616 789 3712 Κατειργασμένου
813 3608 849 3683 δὲ
869 3626 927 3684 τοῦ
953 3607 1116 3710 άνδρθς,η
1142 3615 1197 3707 μὲν
1223 3613 1395 3709 γερουσία,

348 3835 373 3868 1.
389 3807 443 3870 A'h'i
460 3819 571 3889 βαριῖιιν.
913 3825 940 3883 4.
954 3819 1056 3873 Ferunt
1068 3817 1114 3871 alii
1126 3829 1240 3888 umque
1253 3835 1339 3871 manu
1351 3828 1395 3868 εο-

348 3917 373 3950 z.
401 3898 423 3950 F
424 3910 506 3952 ratres
525 3911 601 3952 erant
619 3899 691 3952 inter
710 3899 823 3957 Cmariu
870 3919 932 3973 gom
946 3898 1091 3963 dimisisse,
1102 3910 1147 3962 ut,
1161 3897 1286 3953 inferiori
1298 3913 1395 3967 eorpo-

305 3995 474 4048 ρειοιιεεοεεε
494 3979 573 4033 Publ.
596 3991 622 4032 ει
648 3980 705 4040 cai,
727 3980 833 4055 Servii„
872 3982 910 4034 ris
921 3992 997 4051 pane
1010 3979 1290 4055 εεοεε,ου11ώεεεωι.

306 4057 395 4112 Casca.
916 4060 942 4114 ό.
962 4060 1035 4118 Ρλιιε,
1050 4060 1080 4114 in
1095 4060 1196 4125 Bruto,
1214 4076 1268 4128 17:
1281 4055 1324 4111 καὶ
1343 4057 1394 4120 σὺ,

346 4137 373 4192 3.
390 4138 506 4210 Appium.
519 4157 601 4206 vero,
612 4143 635 4202 ές
645 4144 686 4196 τὸν
698 4145 783 4214 μηρὸν.
873 4142 973 4207 τίκνονς
985 4139 1060 4212 quod
1071 4139 1186 4194 invaluit
1197 4137 1372 4194 edebam
