3000 5025
248 482 550 553 INTERPRES
572 485 808 554 GRAEcth.
839 487 937 552 ιιι.
967 484 1058 554 vn.
1117 480 1187 554 501

128 607 301 709 θιαςύματα
333 615 476 711 μεγάλοις
507 613 590 684 κατὰ
622 618 833 711 τοῦμπροσθεν
860 617 956 694 λίθοις
988 620 1190 710 ςορεννύουσι.

129 725 243 790 Τούτων
261 715 289 789 θ’
308 727 405 802 ούτως
426 723 623 816 ταχθέντων,
642 723 693 791 καὶ
715 723 1006 818 συναθροισθέντων,
1026 719 1122 797 άλλην
1143 723 1193 792 ἐπὶ

129 831 220 922 ταύτῃ
236 824 339 911 τάξιν,
355 829 438 897 κατὰ
460 833 515 902 τῆν
538 833 707 925 προτέραν,
726 826 960 913 ἐπιύάλλουσιν,
979 832 1016 898 τὸ
1039 833 1116 898 αὐτὸ
1136 841 1193 908 τῆς

128 939 267 1030 προτέρας
282 928 425 1029 θιάςημα
439 947 625 1029 τηροῦντες,
640 935 692 1004 καὶ
709 936 767 1015 τὰς
790 930 883 1015 θοκθις
903 941 957 1003 οὐκ
975 939 1121 1030 ἐχομένας
1136 938 1193 1003 άλ-

127 1046 221 1117 λῆλων
231 1043 376 1128 τιθέασιν,
391 1041 471 1111 άλλθι
485 1041 549 1110 ἴσον
566 1038 680 1136 μεταξὺ
696 1049 797 1112 αὐτῶν
814 1027 956 1136 θιάςημα
967 1035 1193 1126 θιαλείποντες,

129 1151 214 1216 ἐκεῖνο
231 1149 323 1227 λίθοις
342 1152 561 1242 ςορεννύουσιν.
572 1135 696 1242 ὁμοίως
713 1143 732 1216 θ
1089 1141 1194 1218 ’κοθοι

128 1265 242 1346 μοῖσιν,
255 1257 310 1335 ἕως
329 1254 363 1324 ού
377 1255 448 1334 είςθ
470 1247 520 1322 θεῖ
542 1253 636 1346 ύψος,
658 1259 734 1324 αὐτὸ
753 1255 1018 1324 κατασκευάσωσι.
1033 1260 1136 1323 Τοῦτο
1157 1248 1193 1322 θὲ

127 1361 159 1428 τὸ
167 1363 248 1457 ἔργον
259 1355 279 1428 θ
282 1361 314 1428 ιά
328 1389 362 1450 τε
379 1365 512 1436 τὴντῶν
528 1353 549 1428 θ
551 1373 627 1430 οκῶν
644 1365 696 1430 καὶ
709 1371 771 1430 τῶν
784 1362 876 1431 λίθων
889 1364 1111 1447 ποικιλύτητα,
1122 1365 1193 1429 κατ’

127 1468 231 1550 εὐθεῖαν
255 1469 302 1536 ἀεὶ
316 1472 373 1543 την
395 1471 490 1542 αὐτὴν
513 1462 600 1546 τάξιν
625 1465 854 1563 άκριύούντων,
869 1467 1019 1562 άτερπνον
1041 1471 1116 1562 πρὸς
1137 1471 1194 1542 τήν

126 1570 187 1662 ὅψιν
207 1578 261 1642 οὐκ
284 1578 349 1660 έςι,
367 1575 418 1642 καὶ
441 1577 516 1668 πρὸς
535 1577 591 1648 τὴν
615 1587 672 1654 τῆς
698 1577 817 1655 πολεως
842 1575 1009 1666 ἀσφάλειαν
1031 1578 1098 1668 άμα
1116 1576 1197 1669 μέγα

126 1676 340 1774 συμύάλλεται·
366 1683 428 1750 άπὸ
455 1683 508 1774 μὲν
532 1679 590 1777 γὰρ
615 1691 672 1750 τοῦ
697 1685 791 1776 πυρὸς
817 1689 833 1750 ύ
863 1681 963 1765 λίθος,
983 1683 1045 1750 άπὸ
1068 1673 1104 1748 θὲ
1133 1689 1195 1748 τῶν

125 1798 261 1880 μηχανῶν
276 1796 295 1863 ῆ
312 1792 368 1862 ὕλη
384 1789 533 1880 άμύνει·ῆ
553 1787 788 1883 τεσσαράκοντα
807 1779 908 1867 πάθας
922 1790 1072 1866 πολλάκις
1087 1788 1195 1855 ἔσωθεν

105 1903 175 1984 ,τῆς
193 1896 310 1974 πολεως
332 1893 492 1982 τείνουσα,
511 1896 581 1962 οὔτε
601 1897 655 1988 μὲν
679 1888 791 1989 ῥᾳθίως
810 1899 974 1990 ῥήγνυται,
986 1896 1060 1963 ούτέ
1076 1921 1110 1990 γε
1131 1887 1199 1961 θια-

123 2025 244 2069 σταται.

172 2111 300 2178 XXIV.
320 2109 449 2186 Τούτοις
474 2099 509 2175 θὲ
526 2113 603 2176 τοῖσι
625 2115 689 2186 τοῖς
708 2100 920 2201 ἐμποθίσμασι
940 2117 1002 2176 τῶν
1027 2094 1197 2201 θωμαίων,

124 2223 176 2280 τοῦ
194 2219 235 2308 μῆ
257 2221 416 2309 παραιρεῖν
443 2217 500 2288 τῆν
525 2216 632 2299 πολιν,
647 2217 863 2308 κωλυομένων,
882 2215 934 2283 καὶ
958 2225 1004 2302 τῷ
1023 2223 1118 2309 καιρῷ
1140 2240 1199 2302 τε,

125 2319 171 2386 καὶ
187 2334 233 2411 τῷ
261 2321 353 2416 ῥίγει,
375 2322 512 2412 συνεχέσι
539 2324 570 2388 τ’
594 2317 718 2415 ὅμύροις
746 2325 1068 2414 ταλαιπωρουμένων,
1092 2325 1199 2388 ἐκεῖνοι

126 2429 201 2519 ὅμως
214 2439 319 2497 ταῦτα
332 2425 438 2496 πάντα
452 2426 607 2511 ἐνίκησαν,
624 2427 676 2495 καὶ
695 2430 777 2523 κριὸν
801 2431 838 2496 τὸ
861 2431 914 2523 μὲν
936 2428 1056 2506 πλάτος
1077 2435 1139 2515 τλ,
1161 2429 1198 2494 τὸ

126 2524 157 2599 θὲ
177 2532 251 2626 ύψος
272 2534 323 2603 ἐπὶ
345 2526 540 2631 ὀγθούκοντα
558 2526 679 2618 πύθας,
699 2538 728 2601 ἐν
750 2538 877 2629 ῆμέραις
901 2536 1086 2603 εἰκοσιπέντε
1111 2560 1201 2601 κατε-

126 2652 282 2711 σκεύασαν.
301 2645 365 2721 Τῆς
381 2634 415 2708 θὲ
431 2632 470 2713 θῆ
491 2651 629 2733 μηχανῆς
651 2643 768 2719 ταύτης
792 2650 839 2729 τῷ
857 2651 919 2709 τῶν
935 2639 1089 2733 πολεμίων
1105 2639 1201 2731 τείχει
1247 2630 1250 2632 Α

126 2750 161 2825 ὡς
178 2750 262 2818 ούπω
285 2749 545 2842 συμμιγνύοντες,
564 2746 690 2814 καὶτοῦ
712 2747 870 2840 Καίσαρος
891 2748 970 2840 άμρὶ
991 2749 1094 2841 ἔργον,
1117 2746 1201 2814 κατὰ

124 2969 265 3047 νούντος,
293 2964 337 3054 μῆ
359 2986 431 3027 τινα
448 2961 556 3053 χρόνον
578 2968 740 3037 πονοῦντες
766 2962 931 3048 παύσειαν,
955 2961 1057 3055 ὀλίγον
1077 2986 1127 3026 πω
1141 2962 1200 3052 πρὸ

126 3076 178 3145 τῆς
192 3070 300 3162 τρίτης
320 3074 457 3159 φυλακῆς
472 3069 506 3133 ἐκ
520 3078 576 3145 τῆς
589 3076 731 3158 μηχανῆς.
748 3068 864 3145 καπνὸς
886 3068 998 3134 άνιέναι
1011 3066 1202 3160 κατενοῆθη,

125 3170 158 3246 ῆν
179 3160 346 3267 ὑπονομαῖς
375 3198 453 3240 τισιν
481 3174 509 3239 οἱ
535 3174 676 3266 πολέμιοι
699 3171 830 3264 ἀνῆψαν·
856 3177 885 3242 ἐν
911 3184 1019 3261 ταυτῷ
1041 3167 1076 3240 θὲ
1102 3174 1203 3267 χρόνῳ

126 3279 173 3347 καὶ
192 3280 250 3348 άνθι
268 3286 330 3348 πεῖν
356 3281 394 3347 τὸ
413 3287 475 3347 τῶν
497 3278 650 3372 πολεμίων
679 3286 780 3371 τεῖχος
811 3289 951 3375 κραυγῆς,
967 3282 1151 3375 γενομένης,
1174 3281 1202 3348 οἱ

126 3386 176 3477 μὲν
187 3397 248 3455 τῶν
264 3385 418 3479 πολεμίων
433 3389 467 3454 ἐκ
482 3377 538 3454 θύο
554 3393 656 3453 πυλῶν
672 3387 856 3481 ἑκατέρωθεν
867 3395 928 3454 τῶν
939 3389 1060 3482 πύργων
1075 3380 1201 3463 ἐξίεσαν·

125 3492 152 3559 οἱ
171 3484 206 3560 θὲ
230 3497 265 3561 ἐκ
288 3504 346 3561 τοῦ
371 3492 491 3585 τείχους
508 3486 679 3585 λαμπάθας
700 3496 853 3587 ἡμμένας,
874 3492 925 3561 καὶ
945 3487 1037 3588 ξηρὰν
1052 3498 1126 3565 ὕλην
1145 3520 1202 3560 συ-

125 3590 282 3678 ςάθηνείς
303 3602 359 3674 τῆν
380 3608 442 3668 τῶν
466 3586 616 3692 Ρωμαίων
636 3604 776 3692 μηχανὴν
800 3596 977 3687 ε’νέύαλλον,
1000 3600 1050 3667 καὶ
1074 3599 1214 3681 πίσσαν,

126 3706 175 3772 καὶ
199 3704 281 3774 άλλα
307 3703 428 3790 πολλὰ,
452 3707 535 3774 άττα
560 3706 649 3799 τάχει
678 3714 853 3797 παρακαλεῖ
874 3710 990 3781 πολλὴν
1021 3707 1138 3801 φλόγα,
1164 3706 1205 3784 εἰς

128 3814 220 3885 αὐτὴν
245 3816 397 3887 ἐνέτηκον·
419 3817 498 3879 ὥστε
521 3820 579 3881 ποῖ
594 3813 741 3905 πρότερον
764 3816 976 3908 συντρέχοιεν,
995 3814 1013 3887 ῆ
1033 3817 1110 3881 ὅπου
1130 3808 1206 3887 60⁷1-

127 3915 219 4006 θυῖεν,
234 3919 322 4014 μύγις
342 3920 369 3986 οἱ
388 3905 525 4013 Ρωμαῖοι
541 3919 714 4011 προενύουν.
730 3901 826 4011 ὅμως
846 3912 880 3987 θὲ
898 3913 952 3987 θιά
969 3922 1006 3987 τὸ
1026 3915 1105 4004 (τοῦ
1124 3919 1205 3986 Ka(-

128 4048 217 4118 σαρος
236 4028 319 4093 οὕτω
339 4019 511 4110 τάξαντος)
529 4018 585 4092 θύο
606 4025 651 4109 ἀεὶ
672 4024 823 4120 τάγματα
845 4029 904 4120 πρὸ
930 4039 987 4094 τοῦ
1008 4018 1205 4121 ςρατοπέθου

127 4131 321 4222 έρύλαττον,
337 4132 388 4201 καὶ
408 4129 522 4201 πολλὰ·
535 4129 615 4201 άλλα
636 4131 720 4201 κατὰ
741 4124 891 4224 θιαθοχῆν
916 4134 1056 4208 αλληλων
1075 4135 1143 4225 περὶ
1166 4134 1205 4201 τὸ

948 4253 1019 4336 32³
