3000 5025
447 491 485 559 C.
513 489 707 561 JULIUs
735 490 917 563 CAESAR.
1139 496 1215 594 293

143 620 193 714 μὲν
205 615 258 689 οὖν
278 619 382 691 πολλὰ
395 630 496 713 φῦλα,
508 626 677 720 πρόσχημα
696 617 726 692 δ’
739 623 818 699 ἦσαν
837 616 986 720 Ᾰρόίρνοι
1004 626 1056 696 καὶ
1075 628 1218 725 Καρνου·

141 736 226 795 τίνοι.
243 728 290 796 Τὸ
311 720 347 797 δέ
361 733 484 822 σύμπαν
500 732 624 825 αἱρεθεὶς
641 731 753 825 κροίτος
766 728 828 826 εἶχε
841 742 898 801 τοῦ
915 736 1051 828 πολίμου
1065 739 1218 833 Οῦεργεν-

24 930 26 935 Ι
140 828 244 924 τόριξ,
259 833 294 903 οὗ
309 838 362 903 τὸν
380 839 503 931 πατέρα
520 838 679 922 Γαλάται,
694 831 862 933 τυραννίδα
880 831 1034 909 δοκοῦντα
1050 844 1218 937 πράττειν,

139 940 329 1011 ἀπέκτειναν.

43 1042 46 1052 '
190 1050 322 1118 XXVI.
339 1048 440 1129 Οὗτος
455 1046 522 1134 οὖν,
535 1050 576 1130 εἰς
595 1049 698 1120 πολλὰ
714 1043 821 1121 διελὼν
839 1056 896 1128 τὴν
911 1046 1040 1149 δύναμιν
1055 1058 1151 1148 μέρη,
1166 1057 1219 1125 καὶ

141 1156 271 1234 πολλοὺς
281 1158 431 1235 ἐπιςησας
441 1158 610 1252 ἡγεμόνας,
622 1166 768 1246 ᾠκειοῦτο
779 1162 836 1234 την
845 1155 1064 1254 πέριξοίπασαν
1075 1159 1146 1255 ἄχρι
1155 1173 1218 1230 τῶν

23 1282 25 1329 ὲ
137 1263 210 1355 πρὸς
224 1263 281 1353 τὸν
300 1244 429 1357 είραραι
445 1266 643 1357 κεκλιμένων,
656 1257 887 1359 διανοούμενος,
906 1259 968 1342 ἤδη
990 1275 1053 1335 τῶν
1071 1272 1101 1335 ἐν
1122 1254 1217 1365 Ῥώμη

139 1371 345 1461 συνιςαμίνων
360 1372 411 1438 ἐπὶ
422 1370 584 1465 Καίσαρα,
603 1376 767 1466 σύμπασαν
782 1373 904 1467 ἐγείρειν
919 1382 964 1463 τῷ
977 1376 1104 1468 πολέμῳ
1120 1378 1222 1443 Γαλα·

138 1475 216 1543 τίαν.
238 1458 326 1569 ὑπερ
341 1476 366 1543 εἰ
384 1482 490 1570 μικρὸν
509 1481 616 1573 ύςερον
631 1473 760 1573 ἔπραξε,
775 1481 930 1575 Καίσαρος
942 1481 983 1559 εἰς
997 1483 1052 1550 τὸν
1074 1482 1218 1574 ἐμφύλιον

138 1584 325 1674 ἐμπεσόντος
338 1584 473 1677 πόλεμον
482 1636 492 1668 ,
501 1587 557 1652 οὐκ
571 1582 606 1653 θεν
621 1587 819 1679 ἐλαφρότεροι
829 1598 892 1654 τῶν
907 1582 1085 1681 Κιμύρικῶν
1099 1589 1219 1655 ἐκείνων

21 1748 23 1771 ,
138 1684 226 1779 φόύοι
242 1694 300 1765 την
318 1676 443 1758 Ῑταλίαν
454 1684 625 1785 κατέσχον.
650 1691 728 1759 Νυνὶ
742 1683 772 1757 δ’
787 1698 804 1761 ὁ
818 1698 897 1761 πᾶσι
910 1695 964 1786 μὲν
981 1690 1075 1786 οἷριςα
1089 1695 1220 1787 χρῆσθαι

21 1784 23 1803 ³
137 1788 258 1879 (δοκῶν
273 1793 308 1882 )²
323 1805 387 1875 τοῖς
401 1799 477 1890 πρὸς
494 1798 645 1892 πολεμον,
661 1800 781 1892 μαλιςα
798 1791 834 1866 δὲ
847 1808 963 1892 καιρῷ,
977 1802 1119 1891 πεφυκὼς
1138 1804 1222 1868 Kar.

20 1926 23 1959 :
136 1928 211 1996 σαρ,
226 1904 294 1997 ἅμα
307 1912 354 1992 τῷ
368 1903 514 1972 πυθέσθαι
527 1909 584 1980 την
605 1906 784 1990 ἀπόςασιν,
802 1903 878 1999 ἄρας
892 1908 1002 2001 ἐχώρει
1019 1914 1089 1985 ταῖς
1110 1910 1219 1986 αῦταῦς

137 2001 241 2095 ὁδοῖς,
259 2007 295 2089 ἃς
310 2002 434 2095 διῆλθε,
454 2011 507 2080 καὶ
530 2012 584 2105 βίῳ
604 2012 655 2080 καὶ
675 2013 766 2104 τείχει
782 2022 839 2090 τῆς
855 2011 978 2106 πορείας
995 2004 1048 2080 διθι
1066 2016 1218 2083 τοσούτου

19 2176 21 2209 s
137 2124 303 2209 χειμῶνος,
318 2110 546 2211 ἐπιδειξόμενος
560 2127 625 2197 τοῖς
643 2114 831 2212 βαρόοίροις,
849 2114 890 2197 ἴος
904 2116 1025 2211 ἄμαχος
1046 2123 1151 2197 αὐτοῖς
1166 2125 1219 2187 καὶ

19 2214 21 2251 ³
135 2222 293 2302 οἱηττητος
308 2225 405 2292 ἔπεισι
422 2225 549 2319 ςρατός.
564 2206 655 2295 ὅπου
669 2223 728 2320 γὰρ
749 2224 897 2320 ἄγγελον,
910 2224 929 2300 ἢ
942 2226 1221 2319 γραμματοφόρον,

136 2318 280 2397 διαδῦναι
300 2334 374 2425 παρ’
397 2334 492 2399 αὐτοῦ
511 2332 612 2424 χρόνῳ
630 2336 738 2419 πολλῷ
763 2330 800 2404 ἦν
828 2329 962 2411 ἅπιςον,
983 2331 1115 2399 ἐνταῦθα
1138 2332 1221 2425 μετὰ

135 2435 236 2516 πόσης
250 2441 367 2530 ἑωρᾶτο
383 2447 440 2516 τῆς
454 2444 600 2531 ςραπιοῖς,
615 2439 681 2531 ἅμα
698 2441 800 2531 χώρας
817 2437 1037 2531 λυμαινόμενος
1051 2443 1153 2505 αὐτῶν
1168 2439 1221 2505 καὶ

135 2545 294 2612 ἐκκόπτων
309 2543 352 2612 τὰ
364 2545 478 2638 χωρία,
492 2546 759 2637 καταςρεφόμενος
774 2545 894 2628 πόλεις,
903 2540 1128 2636 ἐναλαμόόνων
1148 2547 1220 2624 τοὺς

136 2651 398 2743 μετατιθεμένους·
414 2651 504 2743 μέχρι
524 2652 575 2717 καὶ
596 2653 634 2717 τὸ
655 2660 717 2716 τῶν
737 2641 879 2716 Αίδούων
902 2648 984 2727 ἔθνος
1003 2644 1215 2742 ἐξεπολεμώθη

135 2758 209 2849 πρὸς
227 2759 340 2841 αὐτὸν,
358 2754 387 2824 οἳ
400 2758 454 2824 τὸν
474 2753 566 2823 ἄλλον
588 2756 695 2848 χρόνον
716 2747 868 2846 ἀδελφοὺς
886 2756 1143 2849 ἀναγορεύσαντες
1160 2763 1217 2823 αύ-

136 2863 206 2941 τοὺς
218 2848 370 2957 Ρωμαίων
381 2914 391 2947 ,
403 2862 455 2930 καὶ
476 2866 643 2954 τιμώμενοι
661 2853 860 2955 διαπρεπῶς,
873 2862 949 2928 τότε
968 2853 1003 2928 δέ
1016 2868 1082 2940 τοῖς
1096 2863 1217 2940 όποςοί·

136 2993 201 3046 ταις
226 2970 480 3064 προσγενόμενοι,
504 2971 622 3042 πολλὴν
645 2979 686 3062 τῇ
713 2966 870 3060 Καίσαρος
889 2972 1006 3059 ςρατιᾷ
1031 2972 1216 3063 περιόςησαν

121 3073 276 3168 οἱθυμίαν.
293 3077 402 3168 Διόπερ
423 3074 475 3142 καὶ
489 3079 611 3152 κινησας
633 3073 758 3157 ἐκεῖθεν,
775 3068 1008 3168 ῦπερέόαλετθι
1025 3075 1216 3171 Λιγγονικὰ,

138 3183 319 3274 βουλόμενος
341 3179 477 3272 ἅψασθαι
490 3193 546 3260 τῆς
564 3185 762 3266 Σηκουανῶν,
775 3180 870 3271 φίλων
884 3181 981 3248 όντων
995 3181 1047 3248 καὶ
1060 3187 1219 3275 προκειμέ-

137 3312 191 3354 νων
214 3299 272 3367 τῆς
288 3273 413 3367 Ῐταλίας
431 3288 506 3381 πρὸς
522 3291 578 3362 τὴν
600 3285 696 3362 σ’ίλλην
724 3285 893 3354 Γαλατίαν.
916 3272 1061 3354 Ἐνταῦθα
1080 3281 1110 3354 δ’
1130 3293 1217 3376 αὐτῷ

136 3401 196 3461 τῶν
217 3394 372 3486 πολεμίων
393 3395 620 3477 ἐπιπεσόντων,
634 3395 687 3463 καὶ
699 3395 907 3488 περισχόντων
929 3394 1053 3487 μυριάσι
1066 3400 1215 3478 πολλαῖς,

137 3503 271 3594 ἁρμόσας
284 3493 540 3596 διαγωνίσασθαι,
554 3507 619 3580 τοῖς
634 3502 687 3595 μὲν
697 3487 798 3580 ὅλοις3
810 3506 1036 3593 καταπολεμῶν
1050 3501 1216 3594 ἐκράτησε,

137 3608 234 3700 χρόνῳ
251 3613 360 3694 πολλῷ
376 3606 434 3675 καὶ.
448 3608 530 3698 φόνῳ
548 3603 815 3701 καταύιασοίμενος
833 3609 904 3685 τοὺς
927 3602 1109 3700 βαρόοίρους·
1129 3599 1216 3686 ἔδοξε

139 3703 171 3780 δὲ
189 3716 261 3782 κατ’
281 3713 377 3808 ἐφχοίς
394 3741 428 3782 τι
445 3713 496 3781 καὶ
514 3721 683 3805 σφαλῆναι,
698 3715 750 3782 καὶ
767 3705 953 3787 δεικνύουσιν
972 3702 1120 3805 Ᾱρόέρνοι
1135 3707 1216 3804 ξιφί-

109 3971 113 3978 k
180 3913 305 3979 1.·Scite‚
321 3925 352 3966 ut
367 3914 449 3980 solet,
468 3931 520 3986 pro
538 3905 651 3984 Ᾰδρίαν,
740 3912 823 3967 &Sic
839 3914 929 3967 Reisk.
945 3914 1216 3984 econjectura:prae·

143 3993 181 4044 vel
198 3997 301 4065 Τάρνιν,
322 3984 408 4066 Ᾰραρα
421 3995 540 4066 reposuit
554 3991 653 4048 doctin-
698 4007 815 4048 senserat
824 3996 879 4065 jam
891 3995 985 4046 Dacer.
992 3993 1114 4046 lectionis
1120 3993 1216 4046 vitium

142 4071 217 4126 simus
234 4073 326 4146 θοι-ογ.
534 4101 535 4106 =
697 4073 908 4144 τοῑςμίνᾶλλοιςς
920 4072 967 4125 sed
980 4073 1123 4129 violentius
1129 4093 1225 4128 emen*

185 4150 548 4220 ι.Μο11ωυεωεεοισι,Ι.ε.
562 4152 654 4208 neisk.
698 4151 800 4208 dabat:
816 4157 868 4217 τοῖς
882 4154 1025 4224 Γερμανοῖςζ

1015 4247 1027 4286 3

962 4284 1008 4356 19
