3000 5025
337 594 399 661 ἀπὸ
419 602 475 659 τοῦ
496 593 521 656 Γ
523 592 660 684 αρούμνα
676 590 781 683 μέχρις
803 589 853 657 ἐπὶ
870 587 912 657 τὰ
938 590 1116 681 Πυῤῥηναῒα
1135 587 1188 680 ὅρη
1201 638 1209 670 ,
1224 585 1276 654 καὶ
1294 584 1335 655 τὰ
1350 596 1398 656 τοῦ

274 722 279 731 ’
335 689 534 768 Ᾰτλαντικοῢ
546 682 686 764 Ωκεανοῦ
699 696 739 774 εἰς
754 680 878 789 Ῐύηρίαν
896 694 1046 762 τείνοντα·
1062 694 1162 788 ἀφορᾷ
1177 683 1212 760 δὲ
1231 690 1275 760 τὰ
1294 688 1398 786 μεταξὺ

335 788 465 899 Ᾰρκτων
485 802 589 870 τεκαὶ
607 804 775 870 ἀνατολῶν.

387 914 433 980 ΙΙ.
448 890 496 976 ἦν
509 901 546 976 δέ
555 922 632 979 ποτε
644 907 730 1002 παρὰ
743 914 809 987 τοῖς
823 893 988 985 Ελύητίοις
1003 906 1077 999 ἀνὴρ
1090 908 1340 989 πλουσιώτατος,
1355 903 1397 972 καὶ

333 1026 380 1106 τῷ
392 1021 473 1120 1ιρίνει
484 1018 730 1109 λαμπρότατος,
748 1042 774 1079 ω
788 1010 885 1106 ὄνομα
905 1009 941 1086 ἦν
961 999 1148 1107 ὒργέτορυξ.
1164 1010 1267 1090 Οὗτος
1290 1015 1340 1105 μὲν
1354 1007 1397 1078 οὖν

334 1125 384 1192 ε’πὶ
401 1124 529 1191 ύπάτων
558 1122 688 1215 Μάρκου
713 1118 865 1187 Μεσσάια
886 1145 919 1187 τε
939 1120 991 1187 καὶ
1008 1116 1137 1210 Μάρκου
1162 1118 1332 1201 Πείσωνος,
1350 1127 1399 1184 τού

334 1226 501 1298 ύασιλεύειν
518 1228 638 1321 μάλιςα
651 1227 816 1319 ἐπιθυμῶν,
828 1235 950 1319 πρῶτον
966 1227 1019 1318 μὲν
1035 1224 1192 1318 μετὰτῶν
1212 1227 1397 1319 εύχενεςέρων

334 1340 517 1429 συνύμοσιν·
530 1336 637 1402 ἔπειτα
649 1326 746 1401 δὲκαὶ
756 1335 811 1405 την
823 1333 912 1400 ποθιιν
924 1332 1061 1400 ἀνέπεισε
1072 1324 1228 1424 πανδημεὶ
1243 1341 1298 1410 τῆς
1307 1334 1399 1424 χώρας

335 1445 548 1536 ίκςρατεύειν,
563 1446 656 1533 ῥᾷςον
669 1430 822 1517 ἐπιδείξας
834 1433 908 1505 εἶναι
921 1442 1024 1516 αὐτοῖς
1038 1437 1196 1531 κρατίςσις
1213 1434 1296 1521 οὖσι,
1306 1438 1399 1513 πάσης

334 1559 391 1628 τῆς
412 1547 569 1625 Γαλατίας
592 1544 705 1639 ἄρχειν.
724 1548 874 1631 Τοσούτῳ
895 1536 930 1611 δὲ
957 1549 1074 1637 μᾶλλον
1096 1548 1181 1634 αύτῷ
1205 1545 1234 1612 οἱ
1259 1530 1400 1619 Ελύιίτισι

334 1655 519 1738 ἐπίςευσαν,
542 1656 605 1739 ὅσῳ
617 1651 817 1749 [πανταχόθεν
835 1660 891 1730 τῆς
910 1658 993 1742 σφῶν
1012 1654 1114 1743 χώρας
1132 1650 1221 1719 αὐτοὶ
1239 1649 1399 1743 περιφράτ·

333 1787 454 1829 τονται·
470 1771 509 1853 τῆ
526 1761 599 1851 μὶν,
612 1767 659 1847 τῷ
674 1743 762 1844 Ρύνῳ
781 1758 939 1852 εύρυτάτῳ
953 1784 988 1825 τε
1002 1756 1054 1825 καὶ
1070 1752 1238 1844 ύαθυτάτῳ
1252 1758 1333 1840 ὄντι,
1349 1761 1397 1832 τήν

334 1869 361 1933 θ’
373 1854 550 1941 Ελύητικὴν
564 1867 628 1933 ἀπὸ
641 1877 704 1933 τῶν
719 1868 882 1959 Γερμανῶν
896 1865 1114 1956 άποτίμνοντι·
1128 1874 1168 1958 περ’
1183 1856 1233 1948 δὲ,
1246 1871 1292 1948 τῷ
1307 1848 1399 1957 Ῐσύριρ,

334 1976 396 2066 ὄρει
414 1970 605 2062 ὑψηλοτάτῳ
622 1974 652 2038 τ’
671 1972 761 2055 ὄντι,
779 1970 830 2040 καὶ
848 1974 905 2046 τὴν
924 1956 1102 2047 Ελύητικην
1122 1971 1184 2045 ἀπὸ
1209 1981 1265 2048 τῆς
1285 1972 1399 2038 Σεκανι·
1454 1958 1458 1973 ’

336 2091 391 2158 κῆς
410 2071 583 2173 διορίζοντι·
603 2088 644 2171 τῇ
664 2069 715 2161 δὲ,
734 2088 775 2172 τῇ
793 2104 828 2145 τε
848 2076 981 2171 Λεμάνῳ
1002 2076 1119 2170 λίμνῃ,
1147 2076 1198 2144 καὶ
1216 2085 1263 2165 τῷ
1281 2061 1399 2163 Ῥοδανῷ

335 2194 471 2278 ποταμῷ
483 2186 596 2262 αὐτοὺς
613 2184 676 2251 ἀπὸ
697 2195 755 2262 τῆς
768 2195 831 2251 τῶν
850 2169 999 2277 Ρωμαίων
1018 2183 1165 2276 ἐπαρχίας
1185 2176 1399 2276 διαχωρίζοντι.
1457 2220 1458 2229 ¹

336 2291 439 2358 Αύται
453 2294 507 2383 μὲν
519 2288 570 2358 οὖν
584 2286 661 2364 ἦσαν
675 2291 707 2357 αἱ
718 2289 814 2357 αἰτίαι
829 2301 885 2359 τοῦ
900 2291 1011 2367 αὐτούς
1025 2316 1060 2356 τε
1074 2300 1131 2358 τοῦ
1140 2292 1183 2384 μὴ
1197 2292 1277 2360 πολὺ
1288 2289 1329 2368 εἰς
1343 2292 1399 2383 ίυρύ
1457 2314 1458 2323 ’

337 2391 580 2491 διασπείρεσθαι,
596 2396 648 2464 καὶ
668 2389 885 2490 δυσχερέςερον
905 2398 955 2465 ἐπὶ
970 2396 1042 2473 τοὺς
1061 2399 1258 2490 προσχώρους
1276 2398 1399 2489 πύηεμον

338 2506 481 2598 ἐκφέρειν
494 2510 555 2582 ὥςε
569 2501 657 2572 αὐτοὶ
670 2495 777 2597 ἄνδρες
790 2504 990 2616 φιλοπύιεμοι
1004 2501 1124 2596 μάλιςα
1134 2506 1235 2588 ύντες,
1251 2495 1307 2572 διὰ
1318 2516 1399 2572 τούτο

339 2617 506 2679 ἐλυποῦντο
521 2611 660 2704 ἰσχυρῶς.
675 2613 758 2705 Πρὸς
773 2613 893 2689 τούτοις
910 2602 966 2695 δὲ,
980 2611 1055 2703 πρύς
1072 2635 1106 2676 τε
1126 2615 1164 2678 τὸ
1184 2619 1247 2676 τῶν
1268 2613 1401 2680 ἐνοικούν·

340 2744 400 2786 των
419 2717 534 2796 πλῆθος
552 2716 604 2784 καὶ
621 2720 677 2791 τὴν
692 2714 777 2784 κατὰ
790 2719 844 2786 τὸν
862 2718 996 2812 πόλεμον
1012 2716 1063 2782 καὶ
1077 2718 1187 2810 ἀρετὴν
1202 2725 1287 2808 σφῶν
1304 2711 1400 2797 δόξαν,
1456 2747 1457 2750 “

340 2823 519 2901 ςενωτάτην
531 2827 633 2916 χώραν
648 2817 783 2915 ἐνόμιζον
794 2825 884 2915 ἔχειν,
899 2836 995 2917 μῆκος
1005 2824 1064 2914 μὲν
1076 2823 1161 2916 χθια
1170 2826 1345 2892 ἐννεακύσια
1359 2822 1402 2891 καὶ

341 2930 434 2998 εἴκοσι
448 2921 561 3012 ςάδια,
572 2927 656 3022 εύρσς
672 2922 707 2996 δὲ
722 2929 810 3021 χίλια
828 2931 1014 3023 τετρακόσια
1026 2929 1077 2996 καὶ
1091 2929 1185 2998 εἴκοσι
1198 2933 1400 3027 περιέχουσαν.

394 3037 457 3102 III.
478 3036 607 3113 Τούτοις
633 3037 686 3127 μὲν
705 3034 756 3102 οὖν
777 3034 969 3129 πειθύμενσι,
987 3035 1039 3102 καὶ
1060 3045 1105 3122 τῷ
1127 3047 1183 3104 τοῦ
1201 3022 1402 3132 Οργετύρυγος
1453 3093 1454 3118 3

341 3135 494 3234 ἀξιώματι
504 3141 764 3236 παρορμηθέντες,
774 3140 816 3209 τδι
829 3146 904 3234 πρὸς
913 3135 1090 3234 ὁδοιπορίαν
1105 3145 1210 3210 πάντα
1223 3139 1402 3237 ἐψηφίσαντο
1453 3153 1454 3192 ⁷

340 3241 635 3340 παρασκευάζεσθαι,
644 3245 706 3316 οἷον
715 3242 864 3344 ὑποζύγιά
875 3274 909 3315 τε
922 3250 973 3318 καὶ
986 3250 1111 3342 άρμιιτα
1120 3249 1172 3320 καὶ
1186 3245 1269 3316 ἄλλα
1283 3262 1401 3326 τοιαῦτα
1452 3287 1454 3322 2

340 3346 533 3422 παντοδαπὰ
550 3362 589 3432 ὡς
604 3361 718 3432 πλεῖς-ιι
738 3355 891 3438 ὠνεῖσθαι,
903 3355 955 3423 καὶ
975 3356 1105 3447 σπάρους
1127 3363 1166 3433 ὡς
1189 3353 1350 3440 πλείςσυς,
1362 3359 1402 3423 ἵνα
1452 3325 1454 3468 2

342 3467 359 3528 θ
372 3468 457 3539 σῖτος
472 3460 637 3552 σφίσιικαθ
652 3452 725 3528 ὁδὸν
741 3452 899 3552 διαρκοίη,
916 3461 1082 3544 ποιεῖσθαι,
1094 3461 1211 3555 εἰρήνην
1227 3453 1262 3529 δὲ
1277 3465 1327 3531 καὶ
1341 3487 1403 3552 συμ-
1452 3469 1454 3546 l

341 3567 455 3659 μαχίαν
467 3568 542 3659 πρὸς
555 3564 611 3644 τθις
624 3557 809 3660 περιοικίδας
824 3567 926 3646 ποἋεις
937 3566 1131 3642 ποιύσασθαι.
1146 3568 1199 3646 Εἰς
1213 3559 1249 3634 δὲ
1261 3570 1300 3636 τὸ
1311 3580 1403 3636 ταῦτα
1451 3549 1453 3612 θ

340 3667 542 3766 διαπράττειν
558 3664 614 3739 δύο
628 3675 682 3747 ἔτη
698 3673 783 3764 σφίσι
795 3664 848 3740 δια
866 3676 961 3742 κίσιιν
974 3671 1171 3764 νομίσαντες,
1182 3682 1230 3761 τῷ
1245 3675 1340 3768 τρίτῳ
1355 3677 1402 3747 τίν
1451 3655 1453 3716 θ

338 3699 1402 3874 ὁδοιπορίανίπειιύρωσαν.Τὸνδ’θργετύροχατοῢτοκατεργασάμενον

340 3878 574 3969 ἀποδείξαντες,
583 3889 693 3964 ἐκεῖνος
705 3889 762 3960 τὴν
774 3880 935 3979 πρεσύείαν
948 3888 1002 3979 μὲν
1016 3877 1235 3980 προσεδέξατο.
1247 3885 1328 3953 Καθ’
1339 3877 1403 3954 ὁδὸν

340 3985 378 4059 δὲ
395 3993 536 4060 Κάτικον
558 3996 612 4060 τὸν
631 3984 955 4085 Καταμανταλίδους,
975 4001 1031 4060 τοῦ
1046 3992 1141 4060 πολὺν
1159 3992 1265 4084 χρόνον
1286 3995 1317 4057 ἐν
1348 3999 1405 4064 τοῖς
1449 3975 1452 4076 θ

146 4153 165 4186 ,
343 4101 482 4178 Σικανοῖς
493 4095 748 4181 ύασιλιύσαντος,
765 4098 815 4168 καὶ
829 4100 918 4190 φίλου
931 4100 992 4168 ὑπό
1002 4125 1038 4165 τε
1053 4109 1110 4176 τῆς
1124 4097 1279 4193 γερουσίας
1292 4100 1405 4166 καὶτοῦ
