3000 5025
302 444 609 581 ιηηειιεειεσ
637 456 871 575 εειεσυε.
899 506 999 579 ειη.
1026 509 1053 576 1.
1138 504 1209 595 ειν

139 616 265 698 αὐτοῖς,
279 612 469 709 πορεύεσθαι.
489 597 519 679 ὁ
536 603 571 679 δὲ
586 614 707 706 Καῖσαρ
724 616 778 683 τὸν
794 612 848 706 μὲν
863 614 993 682 Λούκιον
1008 613 1144 683 Κάσσιον
1165 617 1219 686 τὸν

137 723 261 789 ὕπατον
280 723 340 789 ὑπὸ
360 728 421 789 τῶν
438 705 601 794 Martem
620 716 813 806 τεθνηκέναι,
828 723 885 797 τὴν
901 713 943 787 δῖ’
957 719 1068 791 ἐκείνου
1086 719 1219 816 ςρατιδεν

136 827 266 899 ἅπασαν
283 818 487 921 διαρθαρῆναί
506 824 605 895 τεκαὶ
620 826 679 893 ὑπὸ
700 831 755 897 τὸν
770 821 859 925 ζυγὸν
874 829 1049 922 πεμφθῆναι
1063 830 1221 921 μεμνημέ-

138 958 206 1017 νος,
216 934 338 1015 ἐκείνοις
348 944 451 1003 ταῦτα
465 935 667 1029 συγχωρητέα
676 928 750 1005 εἶναι
765 940 824 1028 οὐχ
835 942 987 1031 ἠγάσατο.
998 938 1066 1003 Οὐκ
1075 937 1153 1022 ᾤετο
1167 935 1221 1028 μὲν

137 1036 198 1137 γὰρ
213 1031 329 1139 ἄνδρας
341 1033 495 1135 δυσμενεῖς
510 1033 563 1110 διὰ
574 1042 690 1119 παντὸς
703 1051 767 1123 τοῖς
779 1028 930 1137 Ῥωμαίοις
942 1034 973 1109 δι
1016 1042 1222 1137 εγενημένους,

136 1157 189 1215 νῦν
207 1149 458 1246 συγχωρηθείσης
481 1149 566 1241 σφίσι
585 1149 703 1229 ταύτης
725 1161 783 1230 τῆς
805 1141 897 1233 ὀδοῦ,
919 1070 1093 1243 τοῢαδροῖν
1117 1172 1152 1213 τε
1170 1147 1223 1214 καὶ

137 1254 263 1349 πορθεῖν
280 1259 337 1329 τήν
353 1255 547 1349 ἐπικράτειαν
562 1246 733 1347 ἀφίξεσθαι.
746 1238 841 1350 ὅμως
854 1248 906 1342 δὲ,
918 1259 969 1325 ἵνα
982 1263 999 1323 ό
1014 1256 1138 1349 χρόνος,
1151 1255 1181 1319 ἐν
1198 1251 1222 1341 ᾧ

138 1361 199 1432 ἀνὰ
212 1364 270 1437 την
283 1364 477 1457 ἐπικράτειαν
490 1361 727 1459 ἐπαγγελθέντες
740 1374 915 1457 ςρατιῶται
924 1363 1072 1431 συνελθεῖν
1084 1362 1223 1453 ἔμελλον,

138 1468 292 1563 παρέλθῃ,
301 1476 365 1547 τοῖς
378 1470 431 1563 μὲν
444 1462 608 1563 πρεσύεῦσι
621 1472 742 1549 τούτοις
756 1468 1010 1564 άπεκρίνατο,ότι
1020 1470 1135 1564 ἡμέραν
1147 1466 1223 1561 πρὸς

137 1576 177 1641 τὸ
195 1577 268 1669 περὶ
281 1577 395 1655 τούτου
412 1568 607 1651 ύουλεύεσθαι
622 1575 790 1669 αἱρήσεται·
808 1574 833 1642 εἰ
848 1568 886 1641 δέ
898 1603 931 1642 τι
945 1580 1030 1663 αὐτῷ
1045 1568 1224 1655 όούλοιντο,

137 1680 287 1781 τῇτρίτιρ
301 1672 418 1779 δεκάτη
438 1692 495 1753 τοῦ
507 1670 667 1779 Ᾰπρίλλου
684 1684 779 1775 μηνὸς
797 1680 889 1749 πάλιν
909 1683 1040 1758 ἐκέλευεν
1061 1679 1224 1749 ἐπανιέναι.
1257 1728 1260 1739 ε

194 1788 294 1859 VIII.
308 1774 350 1857 Εν
369 1790 472 1879 τούτῳ
488 1778 524 1857 δὲ
540 1797 586 1887 τῷ
606 1814 641 1859 τε
656 1789 708 1855 σύν
730 1793 815 1876 αὐτῷ
836 1790 903 1857 όντι
918 1788 1078 1884 τάγματι,
1093 1783 1225 1862 καὶτοῖς

137 1896 173 1965 ἐκ
196 1904 254 2000 τῆς
277 1893 425 1990 ἐπαρχίας
441 1896 681 1989 προσεληλυθόσι
702 1898 787 1982 αὐτῷ
808 1898 1015 1993 ςρατιώταις,
1033 1893 1095 1961 άπὸ
1112 1902 1167 1969 τῆς
1185 1889 1226 1969 είς

138 2002 195 2071 τὸν
210 2004 307 2075 Ρῆνον
317 1995 530 2099 ἐμόαλλοιίσης
545 2002 686 2097 Λεμάνου
695 2001 805 2095 λίμνης
816 2005 920 2100 μέχρις
934 2003 984 2069 ἐπὶ
998 2002 1036 2069 τὸ
1048 2002 1120 2076 τοὺς
1134 1998 1226 2065 Σικα-

136 2109 210 2186 νοὺς
223 2109 286 2180 ἀπὸ
298 2120 359 2177 τῶν
372 2094 536 2183 Ελύητίων
550 2100 678 2202 διορίζον
695 2094 787 2205 Ῑούρα
800 2110 868 2202 όρος
877 2161 886 2193 ,
896 2116 997 2201 τεῖχος
1012 2105 1113 2199 τὸμὲν
1128 2114 1224 2197 μῆκος
1275 2147 1277 2150 -

137 2218 255 2286 ἑκατὸν
271 2217 323 2285 καὶ
338 2220 533 2293 πεντήκοντα
552 2208 607 2283 δύο
627 2206 740 2301 ςάδια,
756 2217 793 2284 τὸ
809 2206 844 2283 δὲ
861 2212 936 2305 ὕψος
954 2208 988 2293 ἐξ
1006 2210 1059 2281 καὶ
1075 2203 1152 2279 δέκα
1165 2211 1225 2277 πό-

138 2314 200 2403 δας
212 2314 233 2388 δ
235 2314 452 2417 ιοιηοδομιίσας
461 2374 471 2406 ,
479 2321 726 2421 περιετάφρευσε.
738 2327 850 2394 Ταῦτα
861 2313 897 2389 δὲ
909 2320 1127 2413 ποιησάμενος,
1137 2340 1226 2411 φρου·

140 2426 196 2526 ρδιν
212 2433 438 2524 έγκατέςησεν,
452 2428 592 2526 ἐρύματά
608 2432 638 2497 τ’
648 2420 820 2522 ἐμποδίζειν
837 2432 925 2525 ἕνεκα
938 2429 1011 2505 τοὺς
1029 2412 1225 2507 Ελύητίους,

139 2536 166 2608 εἰ
194 2538 250 2632 βίᾳ
274 2537 314 2618 εἰς
341 2541 397 2614 τὴν
422 2537 618 2633 ἐπικράτειαν
641 2538 781 2630 παριέναι
805 2539 1042 2630 ἐπιχειρήσειαν,
1067 2532 1222 2626 ἐκράτυνε.

139 2627 247 2722 Ῑέητῆς
267 2637 303 2712 δὲ
318 2648 432 2740 ἡμέρας
449 2644 652 2726 ἐπελθούσης,
668 2641 719 2710 καὶ
736 2637 821 2711 κατὰ
843 2643 881 2710 τὸ
898 2640 1037 2708 συντεθὲν
1056 2647 1118 2705 τῶν
1134 2639 1224 2731 πρέσ-
1293 2696 1295 2702 ,

143 2753 223 2836 βεων
240 2753 316 2847 πρὸς
333 2753 425 2826 ,αὐτὸν
440 2750 684 2832 ἐπανελθόντων,
695 2744 839 2844 ἄντικρυς
854 2751 957 2825 αὐτοῖς
967 2747 1168 2837 άπηρνόσατο
1181 2745 1223 2835 μὴ

143 2851 296 2930 δύνασθαι
308 2860 378 2944 τινὶ,
387 2856 470 2928 κατά
484 2884 519 2954 γε
532 2858 568 2924 τὸ
578 2847 773 2950 νομιζόμενον
786 2853 837 2922 καὶ
852 2853 975 2931 σύνηθες
990 2858 1051 2918 τῶν
1063 2834 1224 2941 Ρωμαίων,

142 2969 202 3040 τὴν
219 2957 274 3032 διὰ
290 2976 345 3044 τῆς
361 2963 508 3059 ἐπαρχίας
525 2968 690 3059 συγχωρεῖν
707 2951 791 3030 ὁδόν·
808 2960 834 3028 εί
853 2952 888 3028 δὲ
904 2955 958 3051 ύίορ
973 2949 1099 3030 διελθεῖν
1115 2958 1226 3046 ἐπιχει-

144 3078 283 3170 ρησειαν,
299 3064 474 3164 ἐμπυδίσειν
493 3071 604 3149 αὐτοὺς
620 3059 775 3138 ἐδίδασκε.
788 3070 914 3146 Ταύτης
928 3067 983 3159 μὲν
999 3061 1049 3133 οὖν
1065 3075 1122 3142 τῆς
1138 3060 1225 3130 ἐλπί-

144 3173 199 3258 δος
212 3180 241 3248 οἱ
255 3165 406 3267 mm
421 3181 604 3270 σφαλέντες,
619 3177 647 3246 οἱ
663 3177 716 3274 μὲν
734 3179 835 3248 αὐτῶν
851 3171 969 3252 πολλὰς
982 3163 1107 3264 σχεδίας
1121 3169 1157 3236 τε
1172 3167 1224 3235 καὶ

144 3287 249 3358 πολλὰ
266 3293 361 3356 πλοῖα
375 3287 519 3366 ἀλληλοις
534 3277 762 3368 ἐπιζεύξαντες,
780 3283 809 3358 οἱ
828 3273 863 3351 δὲ
881 3279 902 3355 ἦ
919 3278 1100 3373 πορεύσιμός
1119 3301 1155 3342 τε
1173 3274 1226 3342 καὶ

144 3400 200 3467 οὐκ
216 3395 346 3487 ἰσχυρῶς
365 3389 400 3466 ἦν
418 3387 510 3472 όαθὺς
527 3399 542 3460 ὁ
557 3377 693 3469 Ῥοδανός
710 3389 807 3460 ἐνίοτε
819 3389 872 3483 μὲν
887 3385 955 3458 καθ’
968 3385 1098 3481 ἡμέραν,
1117 3388 1223 3468 πολλῷ
1295 3420 1298 3428 ν

146 3508 251 3570 πλεῖον
271 3493 307 3568 δέ
321 3501 447 3583 νυκτὸς,
463 3491 612 3589 είσπηδᾷν
629 3498 669 3576 εἰς
689 3498 726 3568 τὸ
741 3505 843 3590 τεῖχος
859 3493 1067 3589 ἐπεχείρησαν·
1083 3489 1171 3566 τέλος
1188 3479 1224 3554 δὲ

146 3611 207 3676 ὑπό
220 3633 256 3678 τε
269 3615 325 3685 τῆς
337 3617 393 3675 τοῦ
409 3609 496 3703 ἔργου
509 3607 709 3700 ςερῤότητος,
717 3612 780 3673 τῶν
793 3629 829 3674 τε
839 3607 1021 3696 ςρατιωτῶν
1034 3590 1226 3672 ἐπεόοηθούν-
1304 3607 1306 3611 ’

146 3741 209 3783 των
226 3741 262 3784 τε
278 3714 330 3782 καὶ
345 3707 462 3784 ύέλεσιν
478 3715 589 3792 αὐτοὺς
607 3711 785 3797 βαλλόντων
809 3709 1017 3801 ἀπεωσμένοι,
1034 3706 1148 3775 τούτου
1166 3711 1224 3770 τοῦ

146 3824 385 3917 ἐπιχειρήματος,
399 3823 584 3896 ἐπαύσαντο.
1109 3805 1112 3809 ’

199 3931 263 3996 ΙΧ.
278 3926 346 3994 Μία
361 3928 414 4020 μἐν
429 3925 480 3996 οὖν
496 3928 537 3996 ἔθ’
557 3927 647 4022 ἑτέρα
660 3915 732 4004 ὁδὸς
747 3915 802 3992 διὰ
816 3933 873 4014 τῆς
889 3930 950 3988 τῶν
967 3923 1104 4014 Σεκανῶν
1122 3920 1225 4018 χώρας

146 4039 251 4116 αὐτοῖς
272 4035 440 4114 ὑπόλοιπος
454 4032 510 4118 ἦν,
524 4043 543 4128 η
561 4029 614 4127 ύίρι
634 4033 708 4102 ἰέναι
729 4035 789 4125 οὐχ
803 4027 866 4102 οἶόν
887 4031 917 4099 τ’
931 4024 978 4102 ἦν·
1000 4029 1072 4106 ςενή
1097 4019 1157 4121 γὰρ
1179 4020 1216 4098 ἦν

146 4147 166 4220 θ
192 4133 342 4238 πάροδος.
372 4127 418 4222 ίῖς
445 4134 481 4212 δὲ
509 4143 639 4219 τούτους
666 4141 721 4206 οὐκ
745 4137 879 4221 ἔπειθον,
902 4127 1042 4231 πρέσέεις
1069 4132 1146 4227 πρὸς
1170 4134 1224 4199 τὸν
1309 4157 1312 4161 ·

969 4250 1040 4337 22³
1141 4274 1149 4309 ί
