3000 5025
290 460 341 535 90
441 420 444 426 '
508 440 537 505 s.
566 438 724 505 cnnsr
750 434 1145 505 conunurnnu

290 572 383 640 ribus
399 570 645 665 perstringere:
669 568 743 657 sed,
762 568 874 638 Deum
888 582 1010 656 testor,
1028 569 1156 637 miseris
1173 567 1370 639 'horninibus

290 677 333 747 de
355 678 469 747 futuro
492 674 781 764 consultantibus,
805 690 842 745 et
866 677 1044 769 magnoin
1064 675 1223 771 ambiguo
1246 678 1369 744 consti-

291 786 387 873 tutis,
406 810 486 879 ego,
503 784 562 877 qui
584 784 709 851 exitum
727 784 776 851 rei
792 783 862 861 scio
872 833 882 870 ,
892 806 961 851 non
975 781 1070 852 aliter
1084 782 1260 856 scribendo
1275 808 1370 851 com-

164 906 166 913 ’
291 914 408 986 passus
442 915 534 978 sum,
565 914 666 983 quern
698 890 725 959 si
754 888 866 958 futrrrn
895 891 1114 959 nuncetiam
1147 915 1199 957 res
1226 891 1314 983 ipse,
1334 904 1373 959 et

291 1012 393 1067 notus
413 997 494 1065 mibi
508 996 702 1065 miserabilis
722 995 798 1065 finis
814 1010 915 1085 esset,
938 998 992 1068 cui
1004 1020 1183 1065 occurrere
1204 1021 1267 1065 nec
1286 1022 1370 1067 con·

292 1102 365 1173 silio
387 1128 522 1201 possem
541 1128 603 1173 nec
628 1102 750 1171 auxilio
768 1128 776 1171 :
798 1128 838 1171 en
852 1128 907 1171 me
920 1105 1109 1197 compassio
1127 1103 1252 1175 diritius
1265 1128 1373 1197 quam

292 1209 447 1280 volebam
469 1212 504 1278 in
519 1210 584 1279 bac
604 1210 796 1281 narratione
816 1210 976 1296 detinuit,
989 1234 1089 1305 quam
1110 1210 1189 1297 tibi,
1203 1235 1226 1278 o
1244 1209 1372 1298 lector,

294 1318 341 1387 sio
354 1317 504 1412 expedio.
517 1316 666 1388 Tandem
678 1342 760 1411 ergo
772 1342 841 1386 non
853 1319 1000 1405 ratione,
1011 1317 1069 1385 sed
1081 1315 1217 1411 collegae
1225 1318 1372 1410 pertina-

293 1425 345 1493 cia
360 1424 468 1494 victis
485 1427 586 1493 Cotta
604 1426 786 1512 consentin
801 1439 851 1513 et,
869 1424 961 1518 quod
982 1424 1139 1493 crebrum
1153 1426 1188 1492 in
1205 1422 1372 1511 consiliis,

208 1591 212 1595 .
292 1554 371 1624 pars
393 1529 538 1599 deterior
566 1529 737 1600 meliorem
763 1532 890 1616 vincit,
907 1531 1116 1625 ediciturque
1140 1529 1299 1599 militibus
1320 1531 1371 1598 di-

293 1634 406 1706 luculo
427 1637 648 1732 profecturos.
671 1641 790 1732 Neque
811 1653 924 1707 tamen
948 1640 1056 1707 noctis
1079 1638 1172 1731 qnod
1185 1653 1375 1732 supererat

295 1748 414 1813 somno
436 1743 571 1833 datum,
589 1746 647 1819 sed
672 1745 716 1813 ad
734 1768 892 1814 mirorem
908 1770 1014 1839 usque
1032 1744 1207 1839 vigilatum
1227 1760 1299 1832 est,
1320 1770 1375 1815 oc·

295 1851 424 1945 cupatis
444 1850 621 1939 omnibus,
643 1852 734 1946 quod
755 1853 877 1923 efferre
899 1875 1013 1923 secum
1043 1864 1197 1945 possent,
1217 1851 1298 1945 quid
1319 1876 1374 1920 re—

294 1954 445 2051 linquere
470 1973 680 2052 eogerentur.
710 1958 781 2027 Ubi
810 1960 958 2053 primum
980 1957 1109 2047 illuxit,
1133 1960 1249 2027 caetris
1276 1983 1373 2053 egre·

295 2062 434 2133 diuntnr
455 2066 582 2153 securi,
601 2066 695 2159 quasi
723 2065 902 2135 consilium
923 2065 1068 2133 metmdi
1096 2090 1167 2134 non
1201 2065 1244 2133 ab
1275 2066 1374 2134 hoste

295 2168 426 2264 perfido
443 2194 484 2239 ac
501 2185 656 2259 versuto,
676 2171 734 2239 sed
751 2196 776 2239 n
798 2172 963 2266 prudente
983 2186 1019 2241 et
1039 2171 1109 2242 fido
1130 2173 1239 2241 amico
1260 2170 1373 2265 aliquo

295 2275 411 2345 dntum
432 2292 519 2345 esset
534 2302 541 2344 :
557 2280 665 2347 seouri
686 2292 798 2347 autem
813 2279 956 2349 Sabinus
971 2293 1008 2346 et
1031 2280 1089 2371 qui
1108 2302 1177 2347 suae
1199 2279 1373 2349 sententia

296 2380 454 2451 linerent:
481 2386 582 2453 Cotta
603 2399 736 2472 nutem,
763 2400 797 2453 et
824 2387 882 2479 qui
909 2410 1023 2455 secum
1049 2400 1221 2454 senserant
1248 2385 1377 2455 fraudis

296 2486 420 2584 aliquid
447 2490 583 2560 subesse
609 2493 700 2561 taciti
728 2490 931 2587 cogitabant.
969 2493 1083 2562 Hostis
1110 2492 1285 2586 pmditor,
1316 2494 1376 2587 qui

296 2599 469 2666 nocturnis
490 2596 626 2692 vigiliis,
644 2613 678 2667 et
699 2599 840 2668 confrrso
859 2613 1046 2669 castrorum
1067 2623 1241 2670 murmure
1267 2601 1376 2669 ituros

297 2727 396 2772 mnne
417 2705 654 2800 presagiehnt,
679 2731 762 2794 nec,
784 2731 853 2800 quo
874 2708 953 2774 ituri
974 2720 1098 2793 essent,
1119 2704 1311 2796 dubitabat,
1331 2704 1377 2774 ad

297 2811 484 2904 proximam
503 2810 628 2881 scilicet
652 2811 840 2906 legionem,
867 2827 1059 2907 opportuno
1080 2835 1143 2881 eos
1164 2815 1199 2880 in
1221 2812 1297 2881 looo
1318 2837 1375 2882 ex·

297 2917 462 3011 pectebat.
482 2921 566 2990 Erat
586 2920 647 2987 viae
664 2920 777 2988 medio
795 2918 912 3013 procul
929 2943 950 2986 a
973 2921 1090 2990 castris
1111 2918 1153 2987 ad
1172 2919 1244 2990 duo
1272 2917 1378 2988 millia

297 3047 457 3118 passuum
470 3023 565 3094 vallis
582 3051 760 3096 nemorosa
770 3051 811 3095 ac
822 3025 966 3094 difficilis
981 3051 989 3092 ε
1006 3024 1075 3095 illic
1088 3024 1215 3094 locarat
1226 3025 1374 3096 insidias

297 3131 415 3220 Quum
434 3131 469 3199 in
491 3155 565 3200 eam
586 3130 708 3202 uallem
730 3157 870 3202 romane
890 3133 979 3201 acies
999 3131 1240 3221 descendisset,
1262 3132 1377 3202 hostes

299 3251 378 3306 aute
399 3251 556 3332 retroque
573 3263 616 3307 ex
634 3240 759 3308 insidiis
777 3253 978 3333 erumprmt,
997 3253 1038 3307 ut
1063 3263 1126 3308 nec
1146 3241 1262 3333 primis
1279 3264 1377 3310 exce·

193 3417 195 3432 ,
298 3343 396 3433 dere,
417 3369 481 3415 uec
505 3343 628 3415 ultimis
649 3346 859 3416 retrocedere
886 3345 1013 3415 licitum
1033 3360 1142 3415 esset:
1163 3347 1377 3439 iniquissimis
1429 3390 1434 3398 -

299 3475 413 3546 pugna
433 3451 514 3521 locis
538 3454 738 3541 instituitur3
758 3467 809 3541 et,
830 3454 990 3547 quoniam
1010 3467 1131 3521 nature
1142 3468 1376 3548 compereunt

300 3573 369 3646 est,
386 3561 567 3652 improvisu
590 3559 738 3654 pericula
759 3562 864 3654 magis
883 3561 1014 3630 animos
1030 3559 1192 3654 dejicere,
1212 3561 1376 3645 Titurius,

300 3657 489 3760 qui'seoura
506 3667 568 3735 sibi
587 3669 701 3735 omnia
720 3666 878 3754 finxerat,
896 3692 1019 3762 pavere
1034 3669 1155 3761 cepit,
1168 3681 1269 3762 etque
1282 3670 1376 3736 omni

299 3771 421 3842 bellice
437 3787 508 3842 arte
526 3772 669 3843 destini.
687 3775 818 3845 Contra
837 3789 967 3864 nutem,
988 3772 1117 3868 collega
1136 3774 1229 3869 ejus,
1236 3776 1295 3868 qui
1309 3775 1376 3844 boc

300 3893 499 3950 eventurum
521 3878 734 3974 previderat,
755 3895 855 3976 etque
873 3883 951 3956 ideo
973 3882 1037 3950 iter
1057 3879 1138 3949 illud
1159 3881 1377 3970 dissuaserat,

300 3986 448 4082 quolibet
473 3987 553 4055 boni
579 3986 676 4057 simul
705 4003 739 4058 et
768 3989 880 4059 militis
900 4005 936 4058 et
963 3988 1057 4057 ducis
1086 3987 1199 4058 officio
1221 3989 1376 4076 bruonis,

301 4092 482 4187 pugnandi
496 4096 620 4189 pariter
637 4109 672 4168 et
685 4095 870 4185 hortando,
887 4094 970 4169 nibil
982 4097 1134 4166 omniurn
1148 4096 1376 4190 pretermisit,
