3000 5025
327 508 397 575 us
425 506 553 575 vira
580 506 728 574 suun
756 505 1001 578 casinis.
1151 510 1199 609 75

127 630 290 724 paucitate
305 630 515 699 barbaricam
531 628 779 699 multitudinem
797 646 849 700 est
868 656 1065 727 aggressus:
1082 660 1203 729 quum·

29 804 30 809 ,
127 760 185 829 que
199 739 288 805 iuter
305 738 539 832 pugnandum,
555 752 653 806 estus
672 739 817 832 oequotei
829 740 976 829 refluxu,
990 743 1204 812 interstitium

126 840 217 931 illud,
239 844 332 937 quod
354 844 529 939 scopulum
552 844 594 913 ab
617 844 724 915 insule
747 845 938 933 dirimebat,
965 850 1058 942 aquis
1078 873 1201 920 exone·

29 960 30 963 ’
126 963 251 1037 ratum,
273 952 451 1019 transitum
472 976 541 1019 non
562 965 847 1047 negaret,.atque
879 953 954 1022 ideo
980 954 1202 1029 barbarorum

125 1056 237 1150 ingens
257 1060 356 1153 copia
372 1060 438 1126 suis
451 1057 574 1127 auxilio
589 1058 797 1146 advenisset3
810 1058 944 1153 reliquis
953 1077 1098 1154 (mutuor
1110 1064 1202 1156 justo

28 1154 30 1247 5
126 1186 247 1255 pavore
268 1166 475 1258 perterritis,
500 1179 534 1233 et
560 1164 715 1257 abjectis,
736 1165 791 1234 vel
818 1168 928 1235 oranti
950 1167 1089 1237 forsitan
1110 1173 1202 1240 socio

28 1276 30 1343 5
125 1267 262 1339 dimissis
283 1270 376 1365 pilis,
398 1270 488 1341 solus
515 1274 629 1341 Scaeva
650 1287 769 1341 contra
796 1274 944 1343 bostium
978 1277 1084 1343 aciem
1112 1279 1203 1346 stetit

28 1360 29 1381 ³
126 1376 318 1465 immobilis,
333 1392 368 1445 et
388 1402 447 1447 sua
468 1392 503 1446 et
521 1380 679 1448 comitum
696 1402 785 1448 unus
797 1382 946 1474 quinque
958 1380 1101 1450 militum
1118 1383 1202 1476 pila,

27 1476 29 1559 l
126 1478 330 1554 inbostiuni
356 1485 527 1573 membra,
557 1484 650 1554 nullo
680 1488 847 1555 incassum
875 1502 993 1574 eunte,
1019 1489 1203 1581 jaculatus,

126 1590 256 1660 tandem
294 1592 451 1661 omnibus
486 1592 690 1686 absumptis,
725 1595 840 1661 stricto
873 1594 992 1663 obvios
1022 1620 1203 1683 mucrone,

27 1694 28 1765 ἶ
125 1720 411 1793 unumquemque,
423 1713 461 1767 ut
479 1722 513 1768 se
527 1700 655 1795 primus
674 1699 858 1787 obtulerat,
871 1723 963 1768 nunc
979 1715 1094 1784 scuto,
1112 1723 1203 1770 nune

125 1800 231 1895 gladio
250 1804 438 1900 excipiens,
454 1828 493 1875 ac
515 1820 747 1901 prosternens,
760 1806 819 1873 diu
836 1808 969 1899 utrique
981 1809 1128 1900 partium
1144 1807 1202 1875 ad·

26 1924 28 1979 5
125 1910 271 1981 mirabile
293 1911 436 2006 praebuit
457 1911 706 2007 spectaculum,
721 1926 763 1981 -et
792 1927 844 1981 tot
864 1912 1005 1981 millium
1022 1915 1063 2005 'in
1093 1912 1204 1983 littore

26 2026 28 2073 5
125 2015 351 2088 dimicantium
374 2020 417 2089 ad
442 2044 477 2089 se
504 2044 622 2123 unum!
636 2019 834 2089 intuendum
866 2018 982 2088 oculos
1011 2036 1112 2115 atque
1143 2044 1203 2090 ora

25 2106 27 2197 l
125 2129 297 2195 convertit.
307 2127 424 2215 Quum
434 2127 504 2220 jam
514 2126 674 2221 denique,
692 2152 761 2196 non
777 2141 817 2195 ut
833 2126 868 2194 in
886 2141 1052 2195 armatum
1068 2130 1203 2218 virum,

125 2232 178 2300 sed
203 2236 300 2301 utin
326 2235 446 2302 turrim
471 2236 635 2303 munitam
658 2258 776 2303 omnes
798 2234 907 2319 nisus,
934 2235 1003 2321 ira,
1026 2235 1202 2330 pudorque

124 2336 268 2409 bostium
291 2342 327 2408 in
353 2341 501 2409 furorem
527 2364 657 2410 versus
673 2340 903 2423 incumberet3
928 2340 1065 2435 jamque
1093 2342 1204 2411 femur

124 2445 246 2542 ingenti
269 2448 449 2518 transfixus
469 2446 554 2536 telo,
584 2462 618 2517 et
638 2446 768 2517 vultum
802 2470 882 2517 saxo
907 2462 1066 2518 contusus
1090 2446 1201 2543 gravi,

124 2553 305 2649 clypeoque
319 2569 353 2624 et
363 2555 454 2650 galea
467 2557 596 2624 ictuum
609 2557 643 2623 vi
659 2555 820 2648 disjectis,
831 2553 942 2650 gladio
957 2555 999 2623 ad
1012 2571 1202 2625 extremum

24 2753 25 2762 p
125 2658 247 2750 fracto,
276 2661 433 2757 pilisque,
466 2678 505 2731 ut
529 2677 580 2731 est
605 2662 747 2749 dictum,
771 2661 928 2730 omnibus
953 2683 1023 2730 non
1048 2663 1201 2756 perditis,

24 2767 25 2828 l
125 2767 179 2836 sed
198 2770 357 2864 impensis
378 2770 524 2865 egregie,
546 2793 641 2863 paene
655 2769 726 2861 jam
741 2782 948 2854 exarmatus,
967 2781 1082 2852 nmen
1097 2768 1201 2837 lorica

24 2875 26 2954 ξ
126 2877 230 2968 gravis
252 2876 393 2970 duplici,
413 2878 497 2944 sein
516 2875 638 2962 undas,
657 2897 717 2943 sua
735 2896 855 2968 opera,
877 2871 1024 2942 bostium
1039 2877 1201 2969 sanguine

126 2982 325 3052 rubicundas
339 2984 480 3076 injecit,
508 3007 547 3052 ac
575 3005 729 3052 reversus
756 2980 798 3048 ad
824 3003 918 3068 suos,
942 2980 1033 3048 unde
1060 2981 1200 3077 gloriam

24 3083 25 3086 '
126 3090 333 3178 merebatur,
357 3092 489 3159 veniam
517 3088 726 3184 postulavit:
753 3111 874 3182 nempe
901 3111 1004 3182 quum
1033 3091 1201 3158 Caesarem

126 3196 374 3292 conspexisset:
398 3201 531 3284 Parce,
556 3198 687 3290 inquit,
712 3201 841 3290 optune
866 3200 1073 3290 temerator,
1097 3216 1201 3264 arma

119 3304 257 3396 perdtile'
265 3327 277 3371 .·
294 3317 328 3372 et
342 3301 396 3372 ille
418 3327 568 3373 summus
590 3304 771 3372 aestimator
789 3303 1005 3388 meritorum,
1023 3301 1119 3394 cujus
1137 3301 1199 3369 sub

125 3410 224 3479 oculis
243 3425 337 3504 gesta
355 3435 407 3480 res
428 3425 516 3497 erat,
536 3424 570 3478 et
588 3409 675 3478 facta
696 3409 760 3476 viri
775 3408 876 3476 fortia
892 3423 927 3477 et
945 3408 1048 3476 verba
1069 3407 1198 3502 magni·

123 3515 181 3585 fica
211 3519 464 3587 centurionatus
486 3516 615 3585 honore
641 3515 876 3584 remuneravit.
900 3513 1022 3583 Incidit
1050 3537 1111 3608 per
1136 3512 1199 3583 bos

124 3621 189 3693 dies
210 3649 266 3693 res
286 3649 391 3718 parva
409 3624 544 3718 quidem
564 3623 674 3708 dictu,
694 3621 753 3691 sed
767 3635 891 3689 eventu
907 3643 1029 3715 magna
1049 3641 1090 3689 ac
1110 3622 1198 3715 peri·

124 3727 242 3801 culosa.
263 3731 375 3800 Naves
395 3733 429 3798 in
446 3729 561 3800 Galliis
580 3730 738 3816 dimissae,
753 3728 874 3822 quibus
892 3730 999 3795 inerat
1016 3729 1198 3821 equitatus,

124 3839 234 3929 paucis
256 3853 334 3932 post
354 3841 520 3908 Caesarem
542 3836 675 3924 diebus,
699 3834 847 3904 secundo
875 3833 991 3902 funem
1014 3848 1116 3902 vento
1142 3858 1198 3903 ru·

125 3959 441 4040 perant3quumque
452 3945 646 4013 britannicis
663 3943 733 4036 jam
751 3941 918 4011 littoribus
936 3941 1198 4036 propinquantes

126 4049 158 4116 in
178 4066 362 4146 conspeetu
378 4075 516 4120 suorum
531 4046 655 4138 essent,
673 4051 775 4118 tentis
792 4062 930 4142 repente
945 4049 1197 4143 tempestatibus

129 4173 351 4253 conquassatae
381 4173 473 4246 sunt,
501 4175 539 4227 ut
570 4181 686 4228 omnes
713 4156 860 4250 undique
881 4145 1134 4252 spargerentur,
1163 4167 1199 4232 et
