3000 5025
301 498 375 585 516
598 502 636 567 G.
665 499 813 568 JULII
840 497 1076 568 CAESARIS

298 635 384 702 κενθν
408 628 702 721 καταλειφθῆναι,ὃ
729 628 858 722 πρόσθεν
888 630 977 724 μόγις
1002 621 1045 696 δι’
1064 627 1229 721 ἀνθρώπων
1256 627 1365 705 πλῆθος

299 738 486 833 έωροῖτοῃτί
519 730 555 804 δέ
582 748 676 804 τοῦτο
706 736 770 820 εἴη,
793 736 972 828 θαυμάσας,
1000 737 1072 814 τοὺς
1104 736 1314 828 αὐτομόλους,
1340 731 1366 801 οἲ

298 845 408 915 πολλοὶ
433 846 581 938 ὁσημέραι
603 847 688 931 αὐτῷ
713 844 884 937 συνέρρεον,
903 842 973 936 περὶ
989 845 1104 910 τούτου
1122 845 1273 936 ἡρόντησε·
1291 839 1366 908 πάν-

298 981 348 1032 τες
365 945 400 1020 δὲ
419 953 668 1046 ὁμολογουμένως
682 947 801 1032 ταυτα,
817 949 894 1042 άπερ
909 949 961 1018 καὶ
973 949 1103 1042 πρόσθεν
1119 950 1149 1018 οἱ
1162 948 1368 1029 κατάσκοποι,

280 1069 343 1148 ’τῷ
362 1059 496 1152 Καίσαρι
522 1060 722 1152 άπόγγειλαν·
749 1068 861 1124 τοῦτον
886 1057 940 1149 μέν
964 1058 1020 1124 τὸν
1046 1057 1141 1149 λόρον
1166 1052 1243 1123 εἶναι
1261 1047 1367 1148 σχεδὸν

297 1168 439 1299 ὁμαλὸν,
452 1162 533 1233 ἀλλὰ
557 1164 664 1232 λάσιόν
691 1188 746 1246 τε,
768 1162 821 1230 καὶ
846 1165 954 1246 ςενὸν,
976 1163 1040 1232 ἀπό
1063 1189 1099 1230 τε
1128 1164 1243 1231 τοότου
1263 1154 1367 1254 ἔφοδον

297 1271 370 1344 εἶναι
393 1272 443 1340 ἐπὶ
461 1272 499 1340 τὸ
517 1281 573 1348 τῆς
594 1272 711 1348 πόλεως
733 1267 810 1337 οἷλλο
838 1271 937 1362 μέρος·
959 1270 1080 1347 πάντας
1105 1261 1142 1337 δὲ
1166 1270 1236 1361 περὶ
1258 1270 1367 1336 τοιίτου

296 1391 352 1448 τοῦ
377 1379 476 1448 τόπου
505 1377 633 1471 ἰσχυρῶς
664 1369 798 1444 δεδιέναι
819 1377 892 1454 τοὺς
920 1376 1076 1459 Γάλλους,
1098 1380 1155 1443 οὐκ
1174 1373 1369 1453 άλλωςὶ
1306 1400 1369 1467 περι

295 1490 408 1554 τούτου
427 1488 650 1581 γινώσκοντας,
664 1491 704 1562 ὡς
724 1485 789 1560 ἐνὸς
808 1474 895 1557 ἤδη
884 1484 944 1550 υπὸ
958 1491 1022 1550 τῶν
1040 1468 1190 1574 Ρωμαίων
1211 1489 1369 1573 κατειλημ-

295 1595 385 1686 μένου
414 1593 532 1722 λόγου,
555 1591 580 1658 εἰ
606 1591 658 1658 καὶ
683 1591 736 1656 τὸν
773 1592 875 1682 ἕτερον
907 1588 995 1656 αὐτοὶ
1025 1583 1234 1673 άποέάλοιεν,
1257 1599 1314 1656 τοῦ
1337 1612 1368 1655 τε

294 1694 403 1778 ἐξιέναι
425 1698 551 1766 καὶτοῦ
576 1698 707 1804 χιλεόειν
730 1695 1016 1825 ἀποκεκλεισμένοι,
1038 1696 1091 1763 καὶ
1109 1702 1149 1773 ὡς
1167 1695 1265 1764 εἰπεῖν
1287 1721 1369 1788 περι·

293 1808 544 1898 τετειχισμένοι
533 1807 592 1872 υπὸ
611 1812 673 1870 τῶν
692 1787 844 1894 Ρωμαίων
865 1801 1034 1891 φαίνοιντο.
1049 1800 1108 1868 Διὰ
1124 1829 1232 1870 ταυτα
1250 1802 1305 1895 μὲν
1323 1799 1368 1868 οὖν

293 1913 414 1991 πάντας
432 1913 504 1989 τοὺς
530 1911 698 1988 Γάλλους’
686 1911 736 1976 επὶ
754 1910 792 1975 τὸ
810 1910 865 1976 τὸν
884 1909 981 1976 τόπον
1002 1919 1114 1976 τοῦτον
1134 1911 1296 2002 κρατύνειν
1314 1909 1368 1974 ὑπὸ

294 2029 350 2088 τοῦ
365 2018 641 2114 Βερκιγγετόρυγος
661 2017 778 2107 ἔφασαν
797 2013 1058 2107 παρακεκλῆσθαι.

347 2128 454 2195 XLV.
478 2129 589 2192 Ἔαῦτα
607 2116 643 2190 δὲ
662 2121 766 2214 μαθὼν
781 2128 797 2188 6
816 2125 957 2212 Καῖσαρ,
970 2128 1075 2188 πολλα
1094 2122 1149 2212 μὲν
1165 2121 1285 2189 ἱππέων
1300 2121 1368 2213 ςίρη

295 2232 426 2302 ἐνταῦθα
444 2234 479 2300 ἐκ
502 2233 596 2324 μέσης
614 2229 724 2306 νυκτὸς
743 2226 895 2321 ἔπεμψεν,
909 2225 1030 2305 ἐκείνοις
1048 2229 1102 2294 σὺν
1123 2235 1235 2316 πολλῷ
1259 2223 1370 2323 θορόέιρ

288 2338 445 2408 ,πάντοθεν
461 2336 603 2405 καταθεῖν
627 2333 846 2429 παραγγείλας·
872 2335 1022 2426 πάμπολυ
1045 2325 1081 2402 δὲ
1107 2333 1159 2400 καὶ
1181 2336 1369 2428 σκευοφόρων

294 2445 409 2524 πλῆθος
429 2445 495 2537 ἅμα
512 2452 553 2537 τῇ
570 2444 670 2536 ἡμέρᾳ
693 2442 728 2508 ἐκ
750 2451 808 2508 τοῦ
833 2432 1029 2533 ςρατοτέδου
1048 2435 1224 2537 ἐξαγαγὼν,
1240 2449 1306 2521 τοῖς
1325 2443 1370 2509 ἱπ-

295 2554 444 2646 ποκόμοις
470 2551 563 2644 κράνη
587 2541 742 2626 ἐνδόντας·
770 2553 833 2625 ὥςε
860 2549 976 2616 ἱππέων
1002 2540 1096 2626 δόξαν
1124 2556 1189 2626 τοῖς
1219 2549 1370 2642 πολεμίοις

296 2662 458 2753 παρέχειν,
473 2655 556 2725 κατὰ
574 2657 646 2735 τοὺς
670 2666 726 2724 τοῦ
751 2654 838 2746 όρους
854 2654 968 2745 λόφους
989 2657 1135 2748 περιιέναι
1152 2660 1370 2752 παρήγγειλεν,

297 2766 418 2843 ἐκείνοις
442 2763 560 2859 ὀλίγους
581 2762 720 2856 προσθεὶς
744 2761 870 2843 ἱππέας,
897 2752 1069 2840 ἐπιδείξεως
1092 2765 1180 2829 ένεκα
1217 2766 1369 2857 εὐρότερον

296 2872 551 2948 καταθεόοοντας·
569 2866 698 2953 (ταῦτα
726 2859 818 2934 δὲέκ
833 2877 890 2945 τῆς
913 2868 1031 2946 πολεως
1058 2872 1191 2960 έωροῖτο,
1215 2868 1298 2937 ἀλλὰ
1322 2862 1370 2935 δια

295 2982 448 3077 τοσοότου
473 2970 712 3107 διαςόματι,’
679 3002 711 3041 τι
731 3000 828 3042 τουτο
846 2999 907 3057 ειη,
926 2973 1047 3053 άληθῶς
1065 2974 1275 3109 μαγθάνειν’
1244 3003 1301 3044 ουκ
1312 2968 1372 3043 έδό·

297 3111 400 3153 ναντο
406 3078 508 3177 )τρὸς
532 3082 714 3160 τουτοις
678 3073 714 3148 δ
740 3081 793 3149 καὶ
819 3078 849 3147 ἓν
877 3085 986 3210 τάγμα
1007 3082 1058 3149 ἐπὶ
1083 3082 1137 3149 τὸν
1159 3084 1256 3151 αὐτὸν
1281 3083 1369 3173 λόρον

298 3189 478 3285 ἐπέμψατο,
493 3189 545 3258 καὶ
563 3193 655 3257 έκεῖνο
674 3187 777 3282 ὀλίγον
794 3189 997 3283 προαγαγὼν,
1015 3188 1182 3281 κατωτέρω
1204 3216 1263 3256 του
1246 3190 1369 3279 λόγου

299 3302 328 3367 ἐν
341 3298 441 3385 λασίῳ
454 3294 563 3390 ἔκρυψε
578 3296 677 3383 τόπῳ.
697 3292 754 3361 Διὰ
770 3304 875 3361 ταῦτα
886 3293 993 3361 πάντα
1011 3296 1041 3361 έν
1063 3280 1195 3387 μείζονι,
1211 3294 1232 3370 ἢ
1246 3296 1368 3390 πρόσθεν

298 3405 367 3499 περὶ
385 3415 442 3471 τοῦ
466 3408 565 3471 τόπου
590 3402 702 3469 ἐκείνου
728 3401 759 3469 οἱ
785 3400 900 3467 Γάλλοι
924 3401 1078 3495 γενόμενοι
1098 3398 1240 3491 ὑποψίᾳ,
1257 3401 1370 3477 πάντας

200 3561 203 3567 ‚
281 3515 371 3589 ιτοὺς
389 3514 451 3578 τὼν
471 3507 571 3578 άλλων
591 3510 695 3575 τόπων
711 3506 857 3600 φρουροὺς
875 3506 1007 3574 ἐνταῦθα
1023 3506 1247 3601 παρεκάλεσαν.
1261 3510 1306 3575 Τὸ
1320 3508 1368 3600 μὲν

301 3616 351 3687 οὖν
360 3626 423 3685 τῶν
439 3616 592 3709 πολεμίων
607 3606 802 3708 ςρατόπεδον
821 3614 906 3681 κενὸν
920 3616 995 3681 τότε
1008 3619 1024 3681 6
1037 3616 1158 3706 Καῖσαρ
1173 3613 1368 3688 κατανοησά·

219 3788 221 3793 ,
300 3752 400 3817 μενος,
408 3750 450 3791 τα
461 3750 515 3817 μεν
526 3747 718 3816 ςρατιωτικα
729 3728 840 3812 σημεῖα
853 3719 1228 3813 καλυψάμενος,τοὺςτου
1212 3720 1367 3853 μεγαλου

300 3822 498 3925 ςρατοπέδου
509 3831 697 3923 ςρατιωτας,
706 3826 825 3921 ολιγους
834 3852 896 3893 κατ
898 3825 1035 3922 ολιγους
1043 3823 1142 3919 (μὴ
1110 3852 1147 3893 το
1158 3854 1181 3909 π
1184 3829 1366 3961 ραττόμενον

300 3931 479 4005 δύναιντο
444 3963 481 4004 οι
492 3964 549 4013 της
558 3935 675 4012 πολεως
690 3922 941 4024 κατιδεῖν)εἰς
909 3958 947 4001 το
959 3960 1030 4026 μικρ
1015 3933 1065 4026 ρὸν
1084 3906 1254 4002 διεὸίόασε
1246 3937 1321 4007 τὴν
1334 3924 1366 3999 δὲ

299 4040 1365 4136 ἑαυτουβουληντοῖςἑκάς-ουτάγρκατοςςρατηγοιςάπορόνας,προ”ιτον

299 4153 353 4245 μὲν
367 4151 575 4245 παρεκάλεσε,
590 4151 632 4241 μθ
653 4152 704 4237 ἐᾷν
723 4148 797 4225 τοὺς
815 4147 1025 4241 ςρατιόιταςῆ
1041 4138 1164 4241 σπουδῇ
1178 4158 1235 4225 τῆς
1248 4146 1364 4239 μάχης,
