3000 5025
318 500 391 574 508
613 501 650 590 ο.
679 501 826 568 ιυειι
854 498 1094 596 cAEsAms

314 662 419 704 ναιντο
434 635 611 729 πορεύεσθαι
630 632 859 729 παραγγειλας,
876 623 981 708 ἐπειδὴ
1002 634 1112 711 αὐτοὺς
1128 623 1191 707 ἤδη
1213 635 1247 700 ἐκ
1266 642 1320 711 τῆς
1333 644 1383 711 τῆς

314 745 429 835 ἡμέρας
445 748 524 835 ὥρας
536 741 733 834 ἐτεκμαίρετο
750 732 1076 833 ςρατοπεδεύσασθαι,
1092 747 1157 818 τοῖς
1176 742 1223 806 ἔτι
1241 740 1384 833 ἀκεραίοις

316 847 382 917 οὖσι
406 859 461 926 τῆς
479 850 610 942 γεφύρας
636 839 738 926 δοκοῖς
762 845 874 921 ἐκείνην
889 847 1091 930 ἀνεσκεύασε,
1108 846 1160 912 καὶ
1176 849 1212 914 τό
1230 846 1385 939 ςράτευμα

315 959 397 1024 οὕτω
430 947 614 1022 διεόίύασεν.
633 940 676 1020 Εν
707 945 742 1020 δὲ
768 954 856 1042 τόπῳ
885 955 1019 1045 ἀσφαλεῖ
1047 945 1385 1046 ςρατοπεδευσάμενος,

315 1063 353 1130 τό
374 1060 451 1139 ἀλλο
473 1062 635 1154 ςράτευμα
657 1061 875 1128 ἀνεκαλέσατο.
897 1045 926 1126 O
949 1053 984 1126 δὲ
1007 1053 1266 1155 Βερκιγγέτορυξ,
1285 1050 1386 1129 ἐπειδό

316 1167 434 1261 τάχιςα
452 1167 562 1262 ᾔσθετο
582 1178 705 1251 ταῦτα,
719 1170 769 1234 ἵνα
787 1170 828 1260 μη
848 1161 1035 1259 συμόαλλειν
1057 1162 1138 1233 άκων
1157 1162 1385 1261 ἀναγκάζηται,

316 1281 355 1353 ὡς
374 1267 508 1351 ὀδυνηθη
528 1272 656 1351 πλείςην
671 1265 743 1341 ὁδὸν
764 1277 866 1367 ταύτῃ
884 1274 980 1346 ἤλασε
998 1282 1039 1366 τῇ
1056 1274 1165 1366 η’μέρορ.

369 1383 532 1450 XXXVI.
548 1366 577 1447 0
594 1373 629 1446 δὲ
649 1384 771 1473 Καῖσαρ
787 1379 934 1468 ἐντεῦθεν,
955 1383 1031 1446 ὅπου
1054 1375 1131 1470 εἶχε,
1146 1381 1224 1471 πρὸς
1242 1381 1301 1453 τὴν
1316 1381 1384 1473 Γερ-

315 1483 423 1582 γοόίαν
442 1489 534 1554 πέντε
561 1487 690 1578 ςαθμοῖς
707 1487 970 1581 παραγενόμενος,
992 1485 1045 1552 καὶ
1068 1485 1173 1582 ὀλίγην
1199 1484 1385 1578 ἱππομαχίαν

315 1597 344 1660 ἐν
371 1597 472 1689 ταύτῃ
497 1603 538 1687 τῇ
562 1595 660 1687 ἡμέρᾳ
689 1593 917 1685 ποιησάμενος,
938 1595 994 1666 τόν
1022 1617 1059 1658 τε
1082 1592 1162 1660 θέσιν
1190 1602 1247 1669 τῆς
1276 1593 1385 1666 πόλεως

316 1699 600 1792 κατανοησάμενος,
624 1711 679 1768 τοῦ
703 1701 757 1791 μὲν
783 1701 881 1774 αὐτὴν
904 1697 963 1766 ἀνὰ
990 1697 1112 1793 κράτος.
1122 1699 1213 1792 αἱρεῖν
1233 1699 1384 1774 ἀνηλπισε·

316 1807 463 1901 πρότερον
483 1799 517 1873 δὲ
543 1813 578 1874 ού
607 1797 668 1873 δεῖν
699 1809 795 1880 αὐτην
820 1811 990 1898 πολιορκεῖν
1016 1809 1175 1901 ηγύσατο,
1192 1804 1264 1898 πρὶν
1287 1805 1307 1880 ἢ
1329 1811 1385 1880 τοῖς

314 1918 503 2007 ςρατιιύταις
519 1911 650 2006 πορίσειε
665 1911 707 1979 τὰ
720 1903 893 1987 ἐπιτήδεια.
912 1897 940 1978 0
960 1903 996 1978 δὲ
1011 1905 1250 2007 Βερκιγγίτορυξ
1264 1910 1385 1985 πλησίον

315 2031 370 2099 τῆς
389 2022 506 2098 πολεως
528 2021 558 2085 ἐν
583 2021 645 2113 ὄρει
664 2011 1011 2111 ςρατοπεδευσάμενος,
1033 2022 1090 2093 την
1115 2019 1169 2112 μὲν
1197 2022 1313 2096 ἑκάςης
1332 2017 1384 2084 πόὲ

313 2133 390 2205 λεως
419 2118 547 2218 δύναμιν
572 2126 640 2219 περὶ
671 2129 781 2194 ἑαυτὸν
813 2118 1000 2208 διετάξατο,
1026 2126 1147 2202 πάντας
1176 2149 1211 2192 τε
1237 2126 1312 2202 τοὺς
1326 2133 1385 2190 τοῦ

314 2233 400 2325 ὀρους
415 2235 528 2300 τούτου
544 2234 697 2325 γηλόφους
711 2229 893 2324 κατασχὼν,
907 2259 926 2306 η
941 2231 1072 2325 καθορᾷν
1087 2229 1149 2298 οἷόν
1170 2257 1205 2298 τε
1224 2226 1279 2315 ἦν,
1293 2233 1384 2322 ταύτῃ

314 2345 354 2417 ὡς
380 2339 677 2412 ἐκπληκτικωτάτην
700 2342 757 2413 τὴν
785 2336 917 2432 ςρατιδιν
941 2329 1100 2406 διέταττε·
1122 2339 1203 2426 τοὺς
1215 2329 1252 2405 δὲ
1273 2339 1384 2404 τούτων

314 2454 375 2514 τῶν
404 2445 522 2514 πολεων
556 2442 729 2539 ἄρχοντας,
751 2443 802 2524 οὓς
836 2439 1067 2538 συμύουλευτόις
1101 2438 1233 2528 ἐξεῖλεν,
1257 2445 1324 2537 ἀμα
1350 2453 1384 2535 τῇ

313 2556 414 2646 ἡμέρᾳ
431 2555 507 2645 πρὸς
526 2555 634 2619 ἑαυτὸν
656 2554 803 2646 ὁσημέραι
827 2552 919 2634 ἰέναι,
933 2553 994 2620 εἴτε
1014 2556 1047 2618 τὶ
1066 2556 1170 2630 αὐτοῖς
1188 2553 1389 2648 ἀνακοινώσα-

256 2726 261 2733 ,
315 2660 400 2741 σθαι,
411 2660 438 2727 εί
451 2684 483 2725 τι
493 2657 642 2751 πράττειν
657 2653 947 2743 ὀοόλοιτο,ἐκείνοις
961 2665 1187 2754 παρήγγελλεν,
1197 2650 1344 2746 οὐδεμίαν
1357 2683 1389 2723 τε

314 2768 428 2859 η’μέραν
439 2768 603 2860 παρέλειπε
613 2777 669 2843 τῆς
680 2765 794 2843 ἑκάςου
802 2774 863 2832 τῶν
871 2770 983 2832 ἐαυτοῦ
995 2766 1110 2832 ἱππέων
1120 2764 1291 2858 προθυμίας
1299 2764 1390 2831 τεκαὶ

314 2864 447 2964 τόλμης,
468 2866 601 2951 τοξότας
627 2871 749 2949 ἐκείνοις
776 2865 1021 2963 συνταξάμενος,
1043 2874 1073 2937 ἐν
1093 2879 1161 2951 ταῖς
1188 2869 1390 2963 ἱππομαχίαις

314 2983 508 3072 πειρώμενος.
536 2958 583 3044 Flv
613 2970 649 3046 δέ
677 3006 724 3056 τις
749 2980 820 3045 κατ’
846 2976 980 3045 ἐναντίον
1003 2988 1060 3057 τῆς
1078 2979 1197 3056 πόλεως
1222 2980 1277 3045 ὑπ’
1299 2976 1391 3055 αότόις

314 3084 372 3164 τόις
392 3096 450 3152 τοῦ
471 3086 557 3177 ὀρους
578 3080 672 3164 πέζας
697 3084 816 3178 μάλιςα
842 3087 968 3177 ὀχυρὸς,
987 3083 1039 3151 καὶ
1060 3083 1211 3153 πάντοθεν
1234 3085 1391 3176 ἀπότομος

314 3194 458 3285 γόλοφος·
482 3190 514 3259 ὀν
534 3190 558 3257 εἰ
577 3199 720 3284 κατεῖχον
736 3192 764 3259 οἱ
779 3178 934 3284 Ρωμαῖοι,
954 3202 1012 3259 τοῦ
1037 3216 1073 3257 τε
1091 3183 1245 3284 ὑδρεύειν,
1268 3191 1392 3257 καὶτοῦ

314 3299 473 3391 ἐλευθέρως
500 3298 627 3389 χιλεύειν
649 3302 721 3377 τοὺς
736 3298 900 3390 πολεμίους
921 3289 1033 3390 ῥᾳδίως
1049 3293 1084 3364 θεν
1099 3291 1247 3365 ἐδύναντο
1266 3298 1391 3366 ἀποκω-

312 3407 404 3471 λύειν.
421 3390 509 3498 Ορῶν
524 3402 576 3471 οὖν
592 3414 703 3472 τοῦτον
715 3408 869 3499 ὀλιγώρως
880 3406 940 3471 ύπό
950 3413 1012 3471 τῶν
1029 3404 1156 3472 Γάλλων
1172 3405 1391 3498 φρουρούμενον

314 3514 472 3604 ὀΚαῖσαρ,
482 3513 590 3589 νυκτὸς
601 3522 671 3606 σιγῇ
682 3515 716 3579 ἐκ
723 3521 781 3578 τοῦ
788 3502 988 3604 ςρατοπέδου
998 3505 1240 3606 ἐξελθὼν,ιτρὶνῆ
1251 3502 1391 3577 δύναιντο

314 3618 342 3684 οἱ
356 3620 390 3684 ἐκ
403 3627 460 3696 τῆς
473 3619 592 3695 πόλεως
607 3625 674 3695 τοῖς·
687 3619 740 3685 τὸν
758 3620 855 3685 τόπον
868 3626 980 3684 τοῦτον
992 3628 1155 3711 φρουροῦσι
1170 3613 1309 3700 ὀοηθεῖν,
1323 3619 1392 3693 τοὺς

314 3734 519 3819 φρουροῦντας
545 3726 638 3791 αὐτὸν
663 3718 798 3802 ἐξέόαλε.
827 3728 947 3791 Τοῦτον
969 3715 1004 3789 δὲ
1028 3727 1215 3819 κατασχὼν,
1237 3714 1295 3791 δύο
1316 3724 1391 3817 τάγ·

314 3836 402 3922 ματα
421 3832 552 3899 ἐνταῦθα
566 3832 730 3914 κατέλιπε,
746 3822 803 3897 δύο
824 3856 858 3898 τε
883 3829 1018 3922 τάφρους
1038 3822 1182 3898 δυώδεκα
1202 3821 1310 3898 ποδῶν
1332 3830 1390 3897 ἀπὸ

314 3949 370 4004 τοῦ
386 3941 520 4034 μεγάλου
542 3929 740 4031 ςρατοπέδου
760 3940 814 4015 ἕως
832 3947 890 4003 τοῦ
909 3947 1018 4029 μικροῦ
1026 3981 1040 4020 -,
1058 3936 1127 4004 δ’ἐν
1146 3937 1252 4022 τούτῳ
1271 3935 1389 4010 ἐπόιησε

313 4052 359 4129 τῷ
380 4045 460 4138 ὀρει,
475 4038 603 4137 ὀρύξας,
619 4044 748 4122 ταύταις
764 4044 992 4139 κατειργάσατο
1012 4050 1080 4121 ταῖς
1100 4043 1248 4137 τάφροις,
1264 4044 1388 4121 ἑκάςους

311 4158 374 4217 τῶν
390 4158 485 4221 αὑτοῦ
504 4162 686 4245 ςρατιωτῶν
702 4152 847 4244 ἀσφαλῶς
861 4143 1010 4219 δύνασθαι
1023 4151 1170 4229 ἀλλόλοις
1189 4149 1387 4246 συγγίνεσθαι.
