3000 5025
315 440 383 511 DE
410 439 546 511 VITA
572 442 591 509 J
601 440 717 511 ULII
746 439 988 511 CAESARIS.
1112 444 1189 537 249

30 560 32 645 i
121 568 298 657 nesciebat,
310 568 415 645 altero
430 570 619 659 laborabat3
632 572 721 643 unde
736 573 790 641 et
781 598 816 639 ιιι
829 570 1026 667 Hispania,
1017 597 1051 640 m
1063 572 1189 662 Gallia,

120 687 151 742 et
167 676 203 743 in
221 678 364 797 AEgypto
385 677 490 747 multa
513 624 664 775 quidein3
683 679 806 754 aerario
821 692 934 747 autem
956 678 1098 749 effracto
1115 682 1189 749 Ilo·¹
1289 706 1294 714 ⁴

30 806 31 859 ς
119 804 198 868 mae,
218 786 374 855 universa
392 783 537 879 diripuit.
556 784 622 855 Sed
643 810 729 871 non,
747 799 787 853 ut
804 785 1074 872 abstinentiae,
1048 811 1097 855 sic
1115 786 1188 855 elo·

118 890 255 977 quentiae
273 892 371 985 inops
390 890 467 977 fuit,
486 915 552 985 qua
564 906 600 962 et
611 893 764 962 omnium
781 890 969 980 seculorum
982 890 1084 962 duces
1097 892 1190 963 haud

117 992 211 1073 dubie
231 999 424 1084 antecessit,
446 1012 480 1066 et
498 1022 646 1069 summos
668 999 812 1092 aequavit
833 1012 1006 1085 oratores3
1028 999 1119 1092 quod
1140 1000 1189 1069 ita

116 1122 200 1190 esse,
216 1118 390 1177 oratorum
411 1106 584 1199 princeps,
601 1119 636 1174 ct
659 1106 800 1175 Caesaris
817 1103 941 1191 hostis,
960 1105 1088 1175 Cicero.
1102 1130 1186 1175 con·
1241 1134 1245 1139 ’

115 1202 234 1295 firmat,
252 1222 286 1279 et
305 1210 396 1303 quod
412 1212 558 1299 mireris,
573 1211 616 1280 ad
636 1215 779 1283 Brutum
798 1211 969 1281 scribens:
984 1235 1093 1305 neque
1109 1226 1186 1282 tan-

114 1323 181 1381 tum
207 1314 366 1403 militari,
387 1331 445 1385 aut
474 1318 620 1388 oratoria
649 1317 859 1412 eloquentia,
878 1342 981 1412 quam
1012 1311 1118 1387 habet
1144 1317 1188 1387 ad

113 1435 304 1509 presentes,
320 1424 476 1511 emicuit,
495 1424 600 1495 sedet
617 1423 719 1494 libros
731 1426 865 1518 scripsit
881 1449 995 1495 rerum
1012 1438 1090 1493 ante
1104 1424 1187 1495 alios

113 1548 259 1617 suarum,
277 1532 336 1622 qui
353 1531 395 1598 ab
411 1529 501 1617 aliis,
517 1533 575 1627 qui
596 1532 695 1601 rebus
714 1532 795 1625 ipsis
811 1530 1048 1616 interfuerant,
1066 1531 1186 1625 digesti

113 1647 197 1721 sunt,
211 1648 246 1705 et
269 1635 306 1705 iu
328 1633 438 1706 lucem
459 1636 557 1725 editi,
579 1637 668 1708 unde
689 1638 828 1723 horum,
841 1662 916 1731 quae
931 1636 973 1705 de
995 1637 1096 1707 rebus
1116 1639 1186 1709 Car·

112 1740 184 1811 saris
209 1742 423 1836 scripsimus,
445 1746 597 1820 maxima
619 1768 696 1837 pars
723 1743 883 1837 decerpta
903 1758 962 1815 est.
990 1744 1129 1838 Scripsit
1149 1759 1186 1813 et

111 1842 183 1920 alios
205 1846 337 1941 plures,
355 1851 411 1947 qui
438 1850 519 1937 sibi,
540 1864 679 1945 propter
702 1851 826 1943 ingenii
847 1848 1077 1937 velocitatem,
1098 1850 1185 1920 adeo
1213 1833 1219 1848 ⁵

109 1952 271 2024 modicum
299 1958 472 2049 temporis·
492 1958 722 2050 occupabant,
745 1956 990 2051 obstabuntque
1020 1958 1183 2051 negotiis,

30 2128 31 2131 ,
109 2070 142 2139 ut
159 2060 321 2153 quosdam
341 2086 382 2129 ex
399 2062 446 2131 eis
464 2062 498 2134 in
515 2062 652 2157 Alpium
674 2063 835 2148 transitu,
854 2060 932 2133 belli
954 2060 1077 2134 Gallici
1096 2079 1181 2133 tem·

30 2194 31 2215 ³
108 2166 255 2255 poribus,
277 2167 440 2263 quosdam
470 2169 505 2241 in
535 2168 646 2241 medio
673 2167 1029 2263 periculosissimomm
1059 2169 1181 2241 ardore

108 2268 283 2360 bellorum,
302 2298 408 2351 unum
426 2274 521 2367 cujus
547 2298 648 2369 supra
673 2276 904 2363 meminimus,
921 2275 1003 2345 dum
1023 2277 1067 2349 ab
1094 2277 1180 2346 urbe

107 2376 207 2447 Roma
226 2382 277 2449 IV
293 2395 328 2451 et
345 2383 413 2455 XX
431 2380 548 2451 diebus
569 2380 792 2459 ulteriorem
783 2406 818 2453 m
840 2382 1035 2475 Hispaniam
1055 2406 1179 2502 perve-

30 2508 31 2516 ¹
106 2484 214 2570 nisset,
230 2485 354 2559 fecerit.
368 2487 507 2590 Scripsit
520 2502 554 2562 et
567 2486 726 2606 epistolas
737 2486 780 2558 ad
795 2502 967 2576 senatum,
979 2487 1023 2561 ad
1036 2490 1177 2608 amieos,

30 2595 31 2620 ³
105 2587 182 2660 inter
200 2590 300 2682 alios,
321 2593 364 2670 ad
388 2596 594 2670 Ciceronem
592 2596 692 2688 ,qui,
711 2619 794 2688 pace
817 2593 959 2668 dixerim
976 2596 1067 2666 tanti
1088 2597 1176 2684 viri,

105 2719 184 2794 sepe
204 2714 239 2770 et
260 2699 435 2772 multum
426 2726 460 2770 m
483 2701 628 2774 amicitia
649 2702 810 2772 variavit:
827 2701 957 2794 scripsit
979 2700 1180 2773 adolescens

30 2807 31 2818 ’
104 2803 185 2876 tulus
201 2805 324 2895 multa,
344 2831 418 2900 quae
435 2809 593 2902 prosequi
610 2803 824 2902 longumest
843 2804 932 2877 Talis
949 2805 1056 2876 illem
1073 2806 1173 2878 rebus

103 2908 218 3005 ingenii
233 2939 240 2980 :
255 2937 334 2982 nam
360 2915 395 2982 in
421 2914 521 2984 rebus
547 2912 673 2982 bellicis
697 2911 780 2990 nulli
805 2913 981 2985 hominum
1006 2913 1173 2985 secundus

102 3015 194 3088 trisse
215 3045 284 3088 non
303 3020 506 3115 ambigitur3
523 3021 570 3090 ita
587 3045 708 3113 nempe
723 3019 765 3088 de
785 3018 843 3091 illo
857 3021 1020 3114 scriptum
1038 3034 1105 3090 est:
1118 3021 1172 3090 vir

101 3147 161 3216 quo
172 3151 271 3196 nemo
283 3149 431 3220 unquam
444 3125 539 3200 bellis
552 3127 660 3221 magis
673 3128 808 3214 erutuit,
819 3129 855 3194 in
864 3126 987 3221 quibus
998 3151 1169 3222 nimquam

101 3229 163 3323 ipse
177 3233 240 3305 sibi
257 3234 423 3328 pepercit,
443 3231 644 3328 indulsitque
662 3231 804 3328 aliquid:
818 3233 946 3327 primus
963 3234 1000 3302 in
1020 3235 1169 3328 agmine,

100 3359 191 3430 eques
207 3340 394 3428 interdum,
414 3339 516 3435 pedes
536 3340 654 3434 saepius
670 3338 889 3427 cernebatur3
905 3363 969 3414 nec
990 3337 1084 3434 gelu,
1104 3364 1168 3410 nee

100 3442 177 3532 sole,
193 3471 254 3518 nec
273 3444 387 3540 pluvia
404 3460 506 3540 caput
519 3448 672 3540 operiens
684 3471 692 3514 :
704 3446 886 3522 athomos
903 3445 1092 3540 docensque
1109 3469 1166 3516 ass

99 3549 199 3639 sidue,
212 3553 293 3646 quid
305 3551 490 3648 agendum,
504 3551 584 3646 quid
597 3551 799 3637 cavendum3
811 3567 848 3630 et
858 3553 1041 3646 praesertim
1053 3575 1165 3622 exem·

97 3652 149 3746 plo
169 3658 287 3730 milites
309 3658 353 3727 ad
370 3656 520 3740 laborem
540 3659 792 3752 erigensatque
810 3657 1036 3734 ¹confirmans:
1052 3656 1164 3728 nullus

95 3763 178 3852 enim
196 3764 289 3841 locus
305 3779 378 3834 erat
393 3767 550 3859 ignaviae,
563 3765 623 3836 ubi
632 3789 749 3844 suum,
757 3767 1163 3859 imperatorempraeeuu·

95 3878 157 3936 tem
185 3871 362 3959 videbant,
375 3870 616 3964 jubentemque
643 3896 713 3950 noir
740 3872 807 3959 ire,
824 3870 884 3940 sed
910 3871 1043 3960 venire,
1063 3886 1098 3940 et
1127 3896 1163 3943 se

95 3978 178 4068 sequi
194 3978 237 4047 ad
255 3975 413 4074 pericula.
433 3980 544 4048 Nemo
558 4001 705 4072 unquam
720 3978 923 4072 promptior,
940 4001 1041 4047 neruo
1053 3977 1089 4046 in
1101 4003 1160 4073 pe.-

95 4081 195 4158 nauis
210 4085 360 4186 cautior:
372 4098 423 4174 et,
440 4107 545 4189 quum
562 4098 679 4194 cautus
695 4083 737 4154 ad
753 4083 883 4180 omnia,
897 4097 970 4156 tum
984 4082 1160 4170 eluctandis
