3000 5025
297 472 372 546 218
507 476 536 541 l.
564 472 731 541 CELSI
759 469 1181 539 COMMENTARII

297 604 372 675 duci
399 604 666 690 arbitrabantur,
687 604 796 673 omnis
817 616 930 671 tamen
953 603 1147 699 et-pavosis·
1167 614 1202 668 et
1223 600 1377 669 moeroris'

297 710 497 798 consolatio,
516 712 647 780 nonnisi
665 712 699 777 in
717 712 821 803 ipsius
843 708 939 777 vultu
959 732 998 776 ac
1021 733 1174 778 sermone
1184 722 1258 776 erat
1270 708 1372 801 impe·

296 820 435 901 ratoris3
451 820 510 887 'cui
530 831 642 887 tantus
660 819 771 911 vigor,
788 830 881 885 tanta
901 817 1009 883 inerat
1029 814 1199 902 alacritas,
1217 827 1311 882 tanta
1325 838 1375 881 ex-

298 923 377 993 celsi
398 926 492 1018 signa
513 925 614 993 munii
636 937 670 993 et
689 924 820 1008 invicti,
838 937 877 992 ut
898 922 969 1014 ejus
992 922 1096 992 ductu
1117 936 1216 1016 atque
1237 917 1375 989 consilio

272 1052 276 1058 ·
299 1044 421 1099 cuncta
442 1032 488 1099 eis
510 1030 619 1101 facilia
637 1029 840 1099 viderentur.
868 1026 1067 1099 Procedenti
1087 1030 1266 1097 nunciatur
1289 1029 1375 1097 inse·

298 1138 357 1231 qui
376 1138 526 1225 hostem,
545 1137 707 1231 simulque
721 1138 934 1232 conspicitur.
950 1138 1043 1205 Dum
1057 1159 1134 1231 pars
1149 1150 1291 1229 utraque
1304 1133 1377 1202 sub

300 1245 448 1332 stitisset,
464 1243 589 1331 subito,
601 1244 749 1313 hostium
763 1242 975 1317 multitudine
993 1241 1211 1329 circumfusa,
1223 1241 1267 1308 ab
1284 1240 1378 1309 omni

300 1364 394 1444 parte
416 1364 600 1445 pugnatum
622 1364 681 1419 est.
704 1352 838 1419 Interea
852 1348 1018 1420 Labienus
1032 1347 1232 1443 implacabili
1249 1349 1378 1433 animo,

300 1480 363 1525 nec
385 1456 480 1527 factis
498 1457 672 1527 hostilibus
694 1471 884 1544 contentus,
905 1456 969 1525 nisi
985 1455 1101 1525 odiosa
1118 1457 1253 1549 insuper
1275 1453 1379 1521 verba

296 1561 456 1655 jactaret,
468 1588 555 1658 equo
573 1564 739 1649 insidens,
755 1564 917 1658 adaperto
927 1564 1036 1658 capite
1048 1576 1087 1631 ut
1097 1586 1119 1629 a
1133 1564 1264 1631 Caesare
1278 1562 1379 1629 etiam

301 1684 415 1763 posset
434 1673 571 1765 agnosci
592 1673 678 1741 inter
699 1670 923 1757 hortandum,
945 1694 1039 1757 suos,
1059 1668 1179 1738 milites
1196 1670 1286 1763 ipsos
1306 1669 1379 1737 Cae·
1483 1672 1484 1681 ’

301 1779 384 1847 saris
403 1777 642 1871 compellabat,
665 1803 771 1847 unum
792 1779 879 1845 inter
899 1775 1005 1845 alios:
1026 1776 1122 1868 Quid
1135 1791 1191 1861 tu,
1212 1774 1340 1860 aiebat,
1357 1798 1381 1841 o

303 1885 417 1971 miles,
438 1885 715 1977 tamfiroculum
732 1900 768 1953 te
782 1883 967 1953 ostentas?
981 1906 1031 1952 an
1046 1898 1081 1951 et
1096 1883 1152 1951 tte
1170 1879 1382 1951 sermombus

301 2012 368 2059 atos
401 1996 506 2059 enirm
519 1991 747 2083 fascinavit?
767 2006 892 2061 vestroe
915 1994 1078 2059 misereor
1098 1990 1269 2072 stultitiis,
1292 2010 1381 2082 quos

303 2095 418 2173 uerbis
432 2099 642 2191 illaqueatos
662 2112 696 2165 et
715 2096 873 2165 credulos
887 2101 938 2165 sz'c
953 2101 990 2165 in
1003 2111 1145 2165 mortem
1158 2095 1273 2164 tralu't.
1289 2096 1382 2163 Con·

305 2216 358 2271 tra
380 2203 451 2273 haeo
470 2202 586 2273 miles:
602 2208 686 2275 Non
705 2228 799 2290 suin,
820 2202 991 2290 Labiene,
1005 2204 1126 2296 inquit,
1143 2208 1227 2288 tiro,
1246 2200 1381 2295 qrdfa·

305 2310 369 2377 cile
387 2308 502 2379 uerbis
521 2308 781 2395 ci'rcumveniar,
800 2310 867 2379 sed
878 2309 922 2379 de
940 2311 1074 2403 legium
1090 2309 1224 2379 decima
1244 2323 1382 2378 uetera·

302 2438 379 2483 nus.
402 2416 457 2483 Ad
473 2416 545 2486 haec
566 2418 753 2503 Labienus,
769 2416 1035 2485 decumanorum
1055 2421 1163 2510 signa*
1178 2439 1248 2485 non
1268 2414 1381 2485 mileo.

307 2521 360 2590 Ad
389 2524 462 2592 haec
497 2524 618 2594 miles:
640 2527 824 2620 Expecta,
848 2525 1028 2617 corffestiin
1060 2548 1133 2610 me,
1156 2528 1226 2592 nisi
1236 2522 1381 2611 fallor,

306 2651 499 2723 agnosces3
518 2645 568 2719 et,
587 2631 713 2700 casside
742 2633 843 2725 capiti
868 2630 1020 2725 dempta,
1040 2629 1173 2723 piloque
1201 2631 1236 2698 in
1263 2629 1383 2698 Labie·
1484 2674 1485 2679 κ

308 2760 391 2807 num
422 2761 544 2832 magna
573 2739 607 2806 vi
634 2752 810 2825 contorto3
831 2736 997 2823 Labiene,
1018 2738 1139 2830 inquit,
1157 2760 1207 2806 an
1232 2735 1384 2804 decretus

308 2843 405 2912 miles
414 2845 513 2912 sum?
524 2869 666 2938 cumque
683 2845 734 2912 his
753 2845 864 2913 verbis
877 2868 1000 2938 equum
1013 2857 1150 2938 pectore
1160 2841 1269 2911 medio
1281 2856 1386 2913 trans·

308 2947 401 3018 fixit:
416 2948 566 3038 mallem,
585 2949 714 3038 hercle,
732 2953 878 3044 equitem
908 2949 1133 3018 transfixisset.
1165 2953 1238 3019 Hoc
1269 2949 1386 3042 praelio

310 3077 444 3143 omnes,
463 3070 497 3124 et
516 3059 698 3151 praesertim
720 3059 862 3145 tirones,
882 3056 1011 3151 pavidi,
1030 3071 1084 3142 et,
1097 3058 1124 3124 si
1137 3056 1200 3127 sub
1217 3055 1284 3124 alio
1297 3055 1387 3126 duce

308 3160 506 3250 militarent,
522 3163 565 3232 ad
584 3163 698 3259 fugam
720 3165 949 3258 potiusquam
965 3162 1012 3230 ad
1032 3187 1179 3256 pugnam
1194 3164 1319 3257 proni,
1334 3187 1386 3232 soe
1484 3206 1485 3210 =

310 3265 381 3336 lum
397 3270 562 3338 Caesarem
580 3270 790 3365 spectabant:
803 3272 838 3339 in
851 3268 908 3338 illo
919 3293 995 3363 spes
1005 3271 1114 3341 omnis
1124 3290 1165 3338 ac
1175 3268 1313 3356 fiducia,
1329 3268 1387 3338 diu

310 3373 357 3442 nil
382 3373 472 3444 aliud
493 3391 627 3471 agentes
650 3401 751 3472 quam
779 3375 845 3444 tela
868 3379 1095 3470 impetumque
1115 3376 1262 3450 hostium
1288 3378 1386 3446 susti·

310 3503 408 3568 nere,
428 3507 490 3550 nec
515 3484 627 3552 Caesar
655 3485 725 3577 ipse
751 3483 821 3550 sine
847 3481 1067 3553 sollicitudine
1090 3496 1174 3550 erat·
1191 3480 1386 3552 Recollecto

291 3603 294 3606 ·
312 3587 447 3658 tandem
463 3591 590 3676 animo,
603 3592 662 3683 qul
678 3589 741 3659 sibi
757 3590 844 3656 inter
854 3586 1067 3661 difficultates
1085 3589 1387 3658 etinadversitate

307 3694 500 3778 arescebam
523 3709 594 3767 tota
624 3696 774 3789 corporis
806 3709 906 3788 atque
934 3697 1332 3782 animi.vi·;:convorsus‚
1354 3696 1387 3764 in

313 3803 418 3870 aciem
439 3801 586 3872 hostium
597 3801 762 3887 infertum
778 3801 856 3872 lecit
868 3801 959 3896 quod
980 3799 1104 3876 solitas.
1116 3816 1208 3876 etat:
1222 3802 1319 3889 vicit,
1333 3800 1387 3872 adr

312 3931 509 4002 versamque
529 3909 636 3978 aciem
657 3909 760 3978 vertit
779 3910 815 3978 in
834 3908 961 4004 fugasse
979 3910 1033 3979 Ex
1047 3910 1096 3982 iis
1110 3910 1169 4006 qpi
1185 3908 1255 3978 hoc·
1272 3905 1386 4003 praelio

308 4017 528 4109 sapuerant,
542 4013 788 4110 transfugisque
804 4014 1073 4109 quamplurimis,
1088 4013 1250 4094 intellexit
1261 4017 1388 4102 Cesar,

310 4122 427 4206 liostos
450 4135 581 4192 tantum
604 4121 807 4192 multitudini
829 4146 896 4195 suae
913 4121 1228 4216 fidere,»eaqtre.spe
1246 4137 1314 4192 tarn
1326 4122 1389 4194 intv
