3000 5025
276 476 593 561 INTERPRES
620 481 859 550 GRAECUS.
887 483 983 551 LIB.
1011 481 1102 552 611.
1156 477 1231 574 519

150 629 216 696 μιοι
237 611 295 677 οὐκ
316 605 516 707 ἀντεξῄεσαν,
534 612 682 708 ὀλίγον’
669 639 698 680 66
729 621 770 707 τῇ
788 614 888 707 ἡμέρα
904 617 1005 706 ταότρ
1026 613 1231 717 ἱπποκρατίαν

150 715 374 808 ποιησάμενος,
389 719 439 787 ἐπὶ
456 722 494 788 τὸ
513 747 552 814 ςρ
555 711 718 790 ατόπεδον
728 686 871 815 ἀπάγαγε
890 725 947 796 τὴν
964 721 1107 814 ςρατιάν.
1100 726 1231 789 .Ταῶτα

152 809 261 887 δὲκαὶ
285 833 326 918 τῇ
350 826 478 918 ὑςεραίᾳ
500 826 721 920 ποιησάμενος,
740 837 834 895 τοῦτο
859 830 935 919 πρὸς
955 829 994 894 τὸ
1018 830 1075 902 τόν
1106 855 1143 896 τε
1169 837 1231 897 τῶν

150 927 306 1014 πολεμίων
322 925 483 1011 άλοιζονίαν
505 943 621 1026 μειοῦν,
642 935 694 1002 καὶ
713 934 786 1013 τοὺς
813 939 924 1002 ἑαυτοῦ
942 937 1119 1025 ςρατιῶτας
1135 962 1235 1029 παρα·

151 1029 342 1126 θαρρύνειν
334 1040 434 1108 ικανὸν
458 1035 533 1112 εἶναι
550 1043 738 1135 ἡγούμενος,
757 1040 799 1118 εἰς
812 1043 870 1115 τὴν
885 1051 948 1108 τῶν
966 1027 1108 1110 Ἐδουέων
1130 1045 1232 1136 χώραν

151 1135 208 1233 ἦγε
232 1145 289 1218 τὴν
317 1149 459 1244 ςρατιάν·
486 1137 558 1214 οὐδὲ
545 1149 657 1215 ετότε
683 1157 757 1216 τῶν
774 1149 928 1239 πολεμίων
951 1151 1036 1236 αὐτῷ
1065 1150 1234 1217 ἐπακολυυ·

153 1245 300 1316 θυόντων.
317 1253 461 1344 Τριταῒος
483 1245 519 1320 δέ
541 1258 617 1346 πρὸς
644 1255 698 1322 τὸν
721 1241 867 1347 Ελάόερα
829 1256 1036 1348 ραποταμὸν
1062 1257 1236 1348 παραγενό·

153 1377 262 1444 μενος,
277 1355 328 1424 καὶ
356 1357 412 1438 τὰς
443 1363 473 1428 ἐν
503 1363 589 1450 αὐτῷ
613 1363 743 1456 γεφύρας
770 1352 1236 1474 ἐπισκευασάμενος,διεόίόασε

153 1461 193 1527 τὸ
213 1462 384 1556 ςράτευμα.

210 1569 302 1637 LIV
323 1557 445 1640 Ενταῢθ
430 1571 635 1665 θαμένό,τε
653 1517 758 1641 Εποέ
727 1565 869 1667 ρέδορυξ,
884 1573 936 1640 καὶ
957 1578 974 1639 ὁ
995 1576 1032 1638 B6
1035 1564 1237 1666 ριδοόμαρος,

154 1675 251 1742 αὐτὸν
273 1681 349 1744 καλέ
349 1703 473 1762 σαντες,
491 1679 748 1774 ἀπήγγειλαν,
716 1706 770 1747 τον
792 1674 1019 1750 Λιτάόικον
989 1703 1042 1746 σον
1070 1679 1165 1747 παντὶ
1191 1687 1238 1766 τῷ

129 1781 273 1868 »ἱππικῷ
301 1785 378 1876 πρὸς
401 1791 473 1864 τοὺς
500 1771 643 1868 Εδουεῖς,
668 1795 725 1852 τοῦ
757 1789 970 1878 ἐκπολεμῶσαι
995 1788 1122 1854 ἐνεκα’
1109 1785 1238 1864 εκείνους

156 1893 224 1964 τοῖς
242 1873 451 1981 Ρωμαίωις,ά
431 1893 562 1962 απιέναι·
581 1885 643 1960 δεῖν
669 1917 704 1959 τε
723 1884 950 1975 ἐδίδασκον,’
925 1919 950 1958 ει
969 1894 1026 1965 τὴν
1050 1893 1141 1960 πολιν
1168 1885 1239 1959 διοι-

156 1986 262 2072 σώζειν
280 1994 395 2066 θελοιό
418 2002 562 2092 Καῖσαρ,
579 1999 728 2092 πρότερον
748 2009 805 2066 666
827 1993 1000 2066 Λιταόίκου
1023 2004 1102 2090 σφᾶς
1124 2000 1178 2066 σὺν
1199 2010 1241 2094 τῇ

156 2092 266 2194 πεζικῇ
283 2093 427 2195 δυνάμει
434 2106 491 2178 ,τὴν
514 2105 604 2172 πόλιν
630 2099 890 2238 προκριταλαόεῒν.
916 2090 945 2176 6)
963 2096 1000 2174 66
1013 2108 1157 2237 Κρῖσαρ,
1171 2104 1241 2173 καί·

157 2230 215 2300 περ
232 2210 261 2274 ἐν
282 2215 407 2289 πολλοῖς
422 2202 481 2286 ἤδη
503 2211 664 2306 πράγμασι
678 2215 734 2287 τὴν
753 2220 816 2284 τῶν
835 2198 937 2280 Εδουέ
922 2213 977 2278 666
993 2213 1081 2306 γνοὺς
1098 2211 1242 2298 ἀπιςίαν,

159 2322 201 2407 τῇ
233 2340 269 2380 τε
298 2313 416 2383 ἐκείνων
449 2311 592 2404 ἐπανόδῳ
624 2320 794 2411 ταχύτερον
827 2321 885 2394 τὴν
913 2317 1002 2386 πόλιν
1031 2317 1208 2395 άποςάσεσθ
1210 2346 1243 2386 αι
1300 2318 1304 2327 ’

160 2411 268 2504 εἰδὼς,
289 2425 371 2515 ὅμως
392 2426 503 2502 αὐτοὺς
530 2426 670 2517 κατέχειν
701 2430 758 2492 οὐκ
783 2419 960 2508 ἠόουληθη,
980 2426 1022 2516 μὴ
1050 2423 1069 2498 ἢ
1096 2427 1244 2519 πρότερος
1316 2492 1319 2495 ,

158 2518 274 2595 ἀδίκων
293 2538 401 2622 χειρῶν
427 2528 591 2624 ἄρχεσθαι,
611 2530 629 2605 ἢ
652 2531 703 2599 καὶ
727 2525 825 2620 ρόόου
844 2534 926 2608 τινὸς
954 2522 1049 2608 δόξαν
1077 2533 1243 2625 παράσχοι.

160 2636 275 2712 Αὐτοῖς
296 2627 325 2701 δ’
340 2637 483 2720 άπιοῢσι,
503 2646 568 2715 πῶς
597 2638 670 2715 τοὺς
697 2624 826 2715 Εδουιῖς
856 2639 1070 2730 ηὐεργετηθιει,
1085 2638 1244 2729 συντόμως

162 2733 347 2835 ἐξηγήσατο·
365 2743 492 2821 ἐκείνους
525 2743 579 2836 μὲν
611 2740 671 2837 γὰρ
701 2744 881 2824 ταπεινοὺς,
903 2741 954 2809 καὶ
987 2742 1027 2820 εἰς
1058 2741 1119 2820 ’τὰς
1140 2744 1244 2821 πόλεις

164 2846 357 2944 εἱρχθέντας,
378 2858 440 2917 τῶν
461 2852 494 2918 τ’
510 2850 610 2943 ἀγρῶν
632 2850 832 2942 ἐςερημένους
851 2840 1064 2942 δασμοφόρους
1088 2851 1118 2916 τ’
1132 2851 1245 2935 όντας,
1309 2912 1312 2920 s

163 2956 216 3021 καὶ
225 2960 356 3049 ὁμόρους
366 2956 498 3049 αἰσχρῶς
507 2962 572 3034 τοῖς
586 2954 742 3047 πολεμίους
758 2944 888 3038 δόντας,
898 2957 992 3023 αὐτὸν
1003 2950 1246 3048 παραλαόόντα,

163 3061 418 3140 πλουσιωτάτους
437 3073 584 3145 ποιῆσαι,
602 3062 653 3129 καὶ
668 3066 702 3129 οὐ
718 3063 809 3155 μόνον
824 3065 881 3137 666
896 3063 1048 3156 προτέραν
1063 3061 1160 3154 ἀρχὴν
1176 3063 1248 3129 ἐκεί-

165 3194 226 3245 νοις
250 3160 435 3253 άποδοῶναι,
449 3166 530 3235 α’λλά
550 3194 601 3237 και
591 3160 890 3298 εὐδαιμονεςέρους
908 3180 965 3237 τοῦ
985 3168 1116 3261 πρόσθεν
1131 3172 1248 3249 παντὸς

83 3288 85 3293 ’
166 3274 497 3387 χρόνουπεποιηκέναι.
513 3276 676 3345 Ταῦτα
643 3301 697 3367 μεν
716 3273 838 3353 ἐκείνοις
852 3276 942 3343 εἰπὼν
950 3272 1165 3367 ,ἀπεπέμψατ
1167 3303 1194 3343 ο.

215 3383 294 3455 ..LV
315 3360 363 3449 Ην
390 3373 427 3452 δέ
453 3408 500 3460 τις
525 3391 587 3451 τῶν
606 3368 748 3451 Εδουέων
771 3382 882 3464 πόλις,
901 3372 1153 3459 N666660660;’'
1136 3409 1251 3475 ονομα,

169 3491 199 3563 ἐν
226 3496 294 3566 ταῖς
313 3498 371 3557 τοῦ
390 3487 524 3583 Λίγηρος
551 3500 697 3581 ποταμοῦ
715 3488 820 3581 όχθαις
844 3488 987 3579 κειμένη,
1006 3490 1035 3554 66
1055 3486 1076 3581 ᾗ
1094 3494 1110 3554 6
1130 3492 1251 3582 Καῖσαρ

169 3593 290 3676 πάντας
308 3596 362 3686 μὲν
379 3597 452 3673 τοὺς
470 3601 533 3662 τῶν
554 3593 681 3665 Γάλλων
701 3599 849 3689 ὁμόρους,
867 3595 973 3663 πάντα
998 3586 1033 3661 δὲ
1053 3592 1094 3660 τὰ
1117 3587 1254 3685 δημόσια

170 3705 337 3795 χρ,όματα
356 3700 407 3770 καὶ
434 3701 540 3769 πάντα
569 3703 621 3769 τὸν
651 3708 753 3785 σῖτον,
773 3698 887 3769 καὶτὰ
913 3702 1032 3778 παντὸς
1059 3693 1171 3791 σχεδὸν
1199 3713 1255 3769 τοῦ

172 3818 291 3901 ςρατοῢ
310 3810 458 3901 σκευορόρ
444 3834 481 3893 ρα
500 3807 719 3881 κατέθηκεν·”
701 3834 778 3875 οπου
796 3834 832 3875 66
851 3809 1087 3899 παμπόλλους”
1072 3834 1207 3890 ιππους,
1227 3810 1256 3874 66

171 3938 207 3981 66
222 3940 274 4009 τη
247 3900 407 4006 Ῑταλίᾳ,
423 3914 474 3983 καὶ
488 3924 529 4009 τῇ
545 3899 676 4006 Ῐσπανίρι
691 3916 768 4006 πρὸς
782 3926 894 3983 τοῦτον
911 3917 965 3983 τὸν
986 3916 1152 4005 πόλερΝον
1136 3916 1257 3983 ωνοσά-

174 4016 279 4114 μενος,
297 3984 472 4154 ἐπέμψατο.
495 3988 538 4089 166
556 4023 657 4116 ταότρ
676 4022 729 4113 μὲν
748 4018 799 4088 666
825 4032 865 4115 τῇ
883 4022 1008 4089 πόλει”
989 4048 1024 4107 ο,
1046 4046 1080 4089 τε
1097 4009 1258 4116 Επορέδο-

174 4122 247 4221 ρυὶ,
269 4128 320 4195 καὶ
345 4133 363 4195 6
388 4131 424 4195 B6
427 4120 591 4221 ριδόμαρυς
614 4127 874 4222 παραγενόμενοι,
893 4136 958 4206 πῶς
984 4153 1020 4194 τι
1043 4124 1104 4219 εἶχε
1133 4127 1177 4195 τὰ
1203 4140 1259 4207 τῆς

970 4355 972 4358 v
1004 4247 1074 4330 63⁴
