3000 5025
291 480 600 591 INTERPRES
629 484 858 555 GRAECUS
884 486 981 556 LIB.
1014 489 1081 557 IV.
1138 488 1214 575 423

196 614 306 683 XXX.
327 618 438 683 Ταῦτα
457 617 510 709 μὲν
531 608 570 691 δὴ
585 617 708 711 γνόντες
727 617 756 685 οἱ
774 626 830 695 τῆς
849 618 1035 711 Βρητοιννίας
1054 616 1215 713 ἄρχοντες,

145 721 174 788 οἱ
191 720 318 814 πρόσθεν
335 719 376 788 τὰ
393 724 453 791 ὑπὸ
472 733 529 790 τοῦ
547 722 702 821 Καίσαρος
716 722 994 817 προςαχθησόμενα
1007 718 1109 815 σρίσι,
1124 730 1215 801 ποιή-

145 852 205 893 σειν
230 831 497 923 ὁμολογήσαντες,
523 830 596 897 τότε
619 832 694 922 πρὸς
722 831 874 907 ἀλλήλους
904 822 1135 922 διαλεχθέντες,
1164 834 1215 900 καὶ

144 934 216 1010 τοὺς
236 918 394 1027 Ρωμαίους
414 936 485 1003 ούτε
504 926 681 1019 ἐπιτήδειοι,
698 936 762 1003 οὔθ’
781 936 891 1014 ἱππέας
908 938 985 1028 ἔχειν
1005 929 1139 1021 εἰδότες,
1158 944 1215 1014 τήν

143 1041 174 1105 τ’
191 1042 292 1107 αὐτῶν
312 1041 482 1135 ὀλιγότητα
509 1044 545 1108 ἐκ
561 1052 618 1119 τῆς
641 1052 698 1110 τοῦ
723 1034 921 1135 ςροιτοπέδου
940 1041 1058 1109 ἐκείνων
1080 1068 1218 1138 ςενοχω·

145 1144 207 1239 ρίας
226 1158 449 1225 κατανοοῦντες
460 1142 617 1235 (τοσούτῳ
631 1147 688 1243 γὰρ
706 1151 872 1243 ςενῶτερον
889 1146 924 1221 ἦν
941 1151 977 1215 τὸ
991 1160 1052 1215 τῶν
1067 1135 1217 1241 Ρωμαίων

144 1244 361 1345 ςρατόπεδον,
387 1256 450 1339 ὅσῳ
477 1251 546 1321 ἀνευ
577 1256 767 1347 σκευοφόρων
795 1247 1054 1341 διεόεόήκεσαν),
1072 1256 1220 1350 κράτιςον

143 1359 276 1453 ἔγνωσαν
296 1353 371 1426 εἶναι
388 1360 450 1427 ἀπὸ
469 1371 531 1427 τῶν
551 1345 700 1451 Ρωμαίων
715 1362 794 1452 σφοῖς
814 1361 1013 1445 ἀποςάντας,
1026 1364 1139 1441 αὐτοὺς
1157 1362 1222 1428 τῶν

142 1456 325 1538 ἐπιτηδείων
340 1465 531 1549 ἀποκλείειν,
545 1466 646 1534 καὶτὸ
662 1472 792 1563 πρᾶγμα
806 1466 846 1544 εἰς
861 1468 914 1533 τὸν
934 1476 1069 1560 χειμῶνα
1087 1462 1222 1534 ἀναόάλ-

142 1570 250 1639 λεσθαι
268 1570 292 1637 εί
312 1573 440 1650 τούτους
460 1574 634 1655 νικήσειαν,
652 1574 704 1640 καὶ
722 1583 779 1651 τῆς
798 1564 951 1639 ἐπανόδου
969 1574 1219 1658 ἀποκωλύσειαν,

142 1668 254 1745 οὐδένα
272 1676 322 1744 ἐπὶ
340 1680 466 1769 πολέμῳ
485 1679 593 1745 ἔπειτα
612 1677 652 1757 εἰς
676 1682 731 1753 τὴν
751 1678 939 1770 Βρηταννίαν
960 1679 1218 1770 περαιωθήσισθαι

141 1784 334 1877 θαρροῦντες.
349 1780 443 1862 Αὖθις
464 1785 518 1875 μὲν
542 1780 592 1851 οὖν
609 1785 850 1878 συνομόσαντες,
867 1784 952 1852 κατὰ
976 1788 1083 1878 μικρὸν
1109 1788 1144 1856 ἐκ
1162 1796 1221 1853 τοῦ

142 1898 206 1957 τῶν
234 1876 384 1983 Ρωμαίων
406 1881 603 1983 ςρατοπόδου
628 1891 768 1975 ἀπιέναι,
785 1891 837 1958 καὶ
855 1891 927 1968 τοὺς
955 1890 1130 1984 ἀνθρώπους
1156 1893 1218 1960 ἀπὸ

143 2008 207 2064 τῶν
229 1998 329 2091 ἀγρῶν
348 1996 476 2092 ἀποίγειν
491 1990 636 2090 ἤρξαντο.

197 2090 368 2173 XXX1.0
384 2094 419 2171 δὲ
429 2106 562 2197 Καῖσαρ,
572 2102 680 2198 καίπερ
691 2106 777 2171 ούπω
787 2107 843 2178 τὴν
856 2101 975 2171 ἐκείνων
989 2098 1101 2179 όουλὴν
1116 2108 1220 2200 γνοὺς,

143 2213 229 2303 ὅμως
253 2212 288 2277 ἐκ
311 2236 345 2278 τε
369 2221 431 2277 τῶν
457 2218 525 2288 ταῖς
551 2208 638 2277 ναυσὶ
664 2205 868 2304 συμόοίντων,
883 2210 935 2277 καὶ
952 2213 1085 2302 ὁμήρους
1113 2203 1220 2279 δοῦναι

146 2311 373 2400 ἀνεόάλλοντο,
387 2317 564 2411 γενήσεσθαι
578 2314 620 2384 τά
644 2316 696 2385 καὶ
716 2314 798 2409 μετὰ
815 2327 919 2383 ταῦτα
938 2312 1104 2407 συμόάντα
1122 2322 1223 2385 ὑποπ-

146 2427 264 2507 τεύων,
279 2425 354 2517 πρὸς
374 2425 480 2491 πάντα
500 2416 756 2518 παρεσκευάζετο.
771 2424 861 2489 Σῒτον
883 2423 936 2516 μὲν
950 2421 1009 2519 γοὶρ
1024 2424 1092 2491 καθ’
1106 2424 1220 2502 ἑκοίςην

148 2533 212 2600 ἀπὸ
233 2539 295 2598 τῶν
315 2531 415 2625 ἀγρῶν
434 2530 474 2609 εἰς
496 2532 533 2597 τὸ
552 2522 748 2622 ςρατόπεδον
769 2523 953 2622 συνεκόμιζε·
971 2530 1022 2597 καὶ
1043 2527 1078 2609 ἃς
1094 2530 1222 2623 ἰσχυρῶς

146 2636 336 2715 κακωθείσας
356 2639 434 2731 ἑώρα
455 2646 546 2720 ναῦς,
568 2636 607 2714 είς
627 2640 683 2710 τήν
709 2643 771 2703 τῶν
791 2632 893 2703 ἀλλων
913 2638 1072 2710 ἐπισκευὴν
1092 2647 1132 2730 τῇ
1151 2638 1223 2703 τού-

149 2771 211 2812 των
228 2747 284 2839 ὕλγ
299 2747 429 2838 ἐχρῆτο,
445 2744 496 2810 καὶ
509 2740 551 2809 τά
569 2751 633 2821 τοῖς
652 2744 804 2819 τοιούτοις
818 2742 954 2834 χρήσιμα
972 2745 1007 2808 ἐκ
1024 2751 1080 2818 τῆς
1098 2740 1223 2835 ἠπείρου

146 2850 336 2947 εἰσάγεσθαι,
348 2851 496 2933 ἐκέλευεν,
506 2853 568 2926 ῶςε
580 2857 642 2915 τῶν
657 2857 841 2942 ςρατιωτῶν
855 2858 959 2914 ταῦτα
967 2846 1089 2941 μεγάλῃ
1103 2839 1224 2942 σπουδῇ

150 2958 382 3049 ποιησαμένων,
400 2961 499 3024 πᾶσαι
517 2955 549 3022 αἱ
566 2965 653 3038 νῆες,
667 2957 747 3027 πλὴν
768 2945 910 3037 δώδεκα,
924 2958 985 3031 ῶςε
1004 2953 1148 3047 εὐκαίρως
1168 2945 1225 3019 δύ-

148 3064 259 3132 νασθαι
277 3070 361 3130 πλεῖν
373 3113 383 3146 ,
394 3061 666 3136 ἐπεσκευάσθησαν.

204 3172 353 3240 XXXII.
367 3155 410 3236 Εν
432 3171 536 3256 τούτῳ
555 3159 590 3235 δέ
604 3169 667 3245 ἐνὸς
682 3166 864 3264 τάγματος,
877 3166 893 3235 ὃ
910 3157 1043 3258 ἐόδομον
1058 3170 1222 3249 ἐκαλεῖτο,

152 3276 204 3346 ἐπὶ
224 3277 278 3345 τὸν
298 3283 382 3344 σῖτον
401 3277 461 3344 ὑπὸ
480 3284 537 3342 τοῦ
551 3273 706 3368 Καίσαρος
725 3272 810 3341 κατὰ
827 3276 884 3347 τήν
904 3272 1058 3347 συνήθειαν
1073 3271 1224 3364 πεμφθέν-

153 3409 231 3468 τος,
249 3382 301 3450 καὶ
327 3373 477 3475 οὐδεμιῶν
504 3383 551 3448 ἔτι
578 3383 713 3474 πολέμου
740 3375 880 3469 ὑποψιῶν
904 3383 1023 3463 οὐσῶν,
1045 3380 1152 3472 μέρους
1171 3379 1225 3470 μὲν

154 3498 217 3558 τῶν
230 3493 411 3583 Βρηταννῶν
426 3490 473 3555 ἔτι
484 3490 513 3554 ἐν
525 3495 589 3565 τοῖς
603 3489 706 3582 ἀγροῖς
720 3488 886 3580 μενόντων,
895 3487 1002 3579 μέρους
1015 3475 1050 3550 δέ
1065 3482 1116 3551 καὶ
1134 3487 1163 3550 ἐν
1180 3491 1228 3571 τῷ

155 3605 218 3666 τῶν
235 3581 385 3688 Ῥωμαίων
406 3585 592 3688 ςρατοπέδῳ
607 3588 816 3685 θαμιζόντων,
829 3592 859 3659 οἱ
874 3594 1066 3685 προφύλακες
1085 3597 1130 3677 τῷ
1148 3588 1228 3655 Καί·

155 3729 226 3797 σαρι
250 3703 498 3796 ἀπαγγελλουσι,
520 3692 642 3791 μείζονα
677 3709 741 3776 τῆς,
761 3697 932 3781 συνηθείας,
958 3696 1028 3764 ἔνθα
1052 3698 1090 3764 τὸ
1121 3698 1229 3789 τάγμα

155 3811 348 3902 πεπόρευτο,
364 3807 449 3899 σφίσι
474 3808 631 3900 κονιορτὸν
649 3803 816 3896 φαίνεσθαι.
839 3789 870 3870 ί)
890 3796 925 3871 δέ
944 3793 1096 3896 Καῖσαρ(
1113 3805 1149 3868 τὸ
1167 3799 1228 3886 όν)
1287 3802 1289 3809 ’

158 3913 334 4009 νεωτερίσαι
352 3916 423 3992 τοὺς
437 3907 609 4007 όαρόάρους
623 3913 822 3993 ὑποπτεύων,
836 3909 894 3988 τὰς
910 3912 963 4002 μέν
976 3909 1230 4002 προρυλακούσοις
1288 3939 1294 3950 ·

160 4021 287 4114 σπείρας
301 4020 351 4088 ἐπὶ
359 4021 431 4098 τοὺς
446 4017 609 4112 πολεμίους
618 4017 683 4110 μεθ’
694 4022 805 4085 ἑαυτοῦ
814 4018 948 4099 ἀπιέναι,
959 4007 1015 4082 δύο
1027 4006 1057 4080 δ’
1065 4011 1161 4092 ἀλλας
1173 4015 1227 4080 τὸν

156 4126 278 4198 ἐκείνων
294 4128 390 4198 τύπον
403 4117 680 4222 διαδέχεσθαι,καὶ
697 4126 754 4197 τήν
766 4125 877 4197 λοιπὴν
897 4120 1028 4216 ςρατιδιν
1043 4113 1222 4200 καθοπλίζε-

1035 4241 1047 4284 ι

980 4281 1025 4353 27
