3000 5025
314 474 365 563 46
526 476 556 543 J.
583 472 745 543 cessi
774 460 1180 542 conusurtnn

313 608 436 698 utilis,
454 626 558 702 euque
590 620 686 702 parte
715 620 877 675 uenturos
914 606 1156 699 interciperent
1183 620 1400 677 censuum.

314 718 450 786 Certior
467 715 509 783 de
525 715 573 783 eis
590 716 736 785 Caesare
752 709 883 781 Titurio
890 711 1266 805 effeeomeqnitatmn,
1281 711 1405 783 lesem-

314 848 380 917 que
398 837 603 891 armaturam
615 820 658 889 ad
672 819 865 915 praesidium
876 818 945 888 loci
962 818 1075 887 ducit:
1090 819 1203 913 ibique
1221 818 1404 891 durissimo

315 932 428 999 Marte
440 942 724 1015 consummaret,
736 926 822 1000 dum
835 927 980 995 Romani
995 927 1123 1021 primes
1135 926 1249 995 lrostes
1263 927 1303 993 in
1314 941 1405 995 tran-

315 1038 382 1106 situ
403 1036 553 1105 fluminis
575 1049 759 1129 occupatos
776 1060 797 1102 e
814 1034 889 1128 ripa
907 1032 1090 1126 dejicerent
1103 1032 1352 1127 cederentque,
1367 1050 1406 1104 et

315 1146 486 1238 proximos
499 1144 682 1239 animosius
691 1162 794 1235 quam
806 1139 991 1209 cmisultius
1000 1159 1062 1234 per
1071 1142 1224 1234 potrum
1238 1139 1406 1213 cadevera

315 1264 526 1319 transcuntes
542 1302 551 1337 ,
569 1248 673 1318 dense
702 1246 879 1317 missilium
904 1247 996 1315 nube
1015 1248 1286 1345 'comprimerent
1307 1272 1404 1317 eree·

228 1346 230 1351 ’
315 1372 471 1451 rentque,
486 1370 520 1424 et
536 1357 565 1425 si
581 1355 667 1423 ferte
681 1356 893 1442 transissent,
906 1355 941 1422 in
954 1368 1072 1447 aperto
1087 1356 1245 1423 inventos
1259 1378 1299 1423 ac
1315 1378 1403 1448 prae-

315 1479 435 1533 ventos
453 1463 666 1550 occiderem
685 1464 732 1531 sic
744 1460 870 1556 repulsi
888 1460 1101 1554 undique,·et
1114 1460 1403 1557 dmentiinopis

315 1569 523 1657 laborantes,
536 1571 707 1638 communi
720 1566 861 1637 consilio
879 1566 1113 1655 decreverunt,
1119 1590 1239 1662 aspersa
1251 1570 1400 1663 pretium

316 1677 407 1765 fore,
425 1691 464 1744 ut
480 1698 563 1771 gens
576 1673 732 1771 quoslibet
750 1678 786 1743 in
797 1696 893 1743 suam
907 1674 1050 1769 patriam
1068 1674 1258 1763 reditun-et
1275 1675 1399 1769 quibus

316 1784 461 1852 Romani
475 1785 623 1877 primurn
641 1806 736 1851 arma
754 1779 960 1869 intulissent,
976 1806 1017 1850 eo
1036 1801 1152 1850 ornnes
1166 1798 1400 1873 uocmrerent,
1431 1786 1433 1790 ’

316 1890 447 1983 sibique
466 1891 610 1959 inuicem
624 1910 724 1983 opem
738 1888 880 1975 ferrent,
899 1902 934 1958 et
953 1889 1022 1958 suis
1039 1887 1192 1983 frugibus
1210 1888 1401 1978 alerentur,

316 2011 351 2065 et
369 1998 436 2065 suis
451 1998 485 2064 in
500 1996 622 2065 linibus
639 1996 851 2091 potissimum
869 1994 1079 2064 dimicarent
1090 1996 1242 2084 Accessit
1258 1996 1301 2063 ed
1316 1995 1400 2067 alies

316 2102 511 2171 discedendi
540 2122 676 2191 causas,
695 2102 786 2197 quod
813 2103 1042 2190 Divitiacum,
1063 2104 1118 2171 oui
1139 2102 1206 2172 ltoc
1231 2104 1399 2173 tamem

316 2211 497 2305 imperasse
511 2230 613 2305 supra
622 2208 736 2296 retuli,
748 2208 1003 2278 Bellovacorum
1011 2212 1111 2278 terris
1121 2210 1316 2303 obequitare
1326 2234 1402 2305 per·

316 2331 494 2411 ceperunt,
511 2331 546 2385 et
562 2316 650 2385 ferre
659 2317 728 2385 suis
737 2314 899 2385 auxilium
906 2314 1022 2385 utilius
1030 2317 1281 2406 existimabant,
1295 2336 1399 2411 quam

317 2423 436 2519 procul
451 2423 553 2493 domo
565 2444 642 2493 cum
652 2421 819 2491 Romanis
830 2423 1093 2515 ermaconferre.
1103 2423 1274 2493 Abeuntes
1286 2440 1399 2514 noete,

317 2530 409 2600 nullo
423 2530 560 2620 ordine,
573 2531 769 2626 magnisque
779 2529 992 2618 clamoribus,
1001 2532 1167 2600 Caesarem
1179 2534 1398 2603 exciverunt:

317 2637 411 2706 ibant
432 2651 562 2724 autem,
575 2659 643 2706 non
658 2652 697 2706 ut
710 2639 779 2724 ire,
793 2637 852 2706 sed
867 2651 906 2705 ut
923 2637 1039 2732 fugere
1059 2637 1260 2707 uiderentur.
1278 2643 1398 2734 Imque

316 2746 443 2814 veritus
462 2744 614 2833 insidias,
636 2758 674 2812 ut
692 2747 750 2838 qui
769 2744 986 2838 profectionis
1004 2743 1159 2812 idoneam
1177 2769 1310 2814 causum
1321 2771 1399 2816 non

315 2850 464 2939 uideret,
476 2875 553 2920 suos
562 2852 604 2919 in
623 2853 740 2920 cestris
755 2850 848 2920 nullo
863 2852 972 2920 tenuit
986 2851 1142 2920 tumultu.
1155 2853 1225 2920 Ubi
1240 2877 1311 2921 rem
1328 2876 1399 2923 om·

316 2982 414 3045 nem,
432 2960 520 3026 sicut
537 2973 626 3047 erat,
644 2957 894 3053 exploratorum
916 2957 1015 3047 fides,
1031 2972 1065 3026 et
1084 2957 1141 3025 lux
1157 2962 1399 3054 superveniens

316 3063 493 3160 patefecit,
518 3066 704 3160 equitatum
728 3085 906 3133 romanum
930 3065 1077 3134 bostium
1102 3067 1249 3160 vestigiis
1273 3068 1399 3138 instare

316 3184 352 3241 et
377 3171 574 3240 novissimos
600 3171 772 3240 retardare
799 3173 958 3266 imperat,
986 3185 1120 3264 tresque
1139 3172 1227 3241 binc
1248 3172 1398 3268 legiones

317 3277 484 3372 sttbsequi.
502 3279 691 3373 Equitatui,
705 3279 871 3366 Quintum
886 3275 1044 3366 Pedium,
1059 3291 1093 3346 et
1104 3281 1249 3348 Lucium
1266 3281 1398 3351 Aurum

316 3384 462 3455 culeium
480 3387 639 3474 Cottam,
663 3385 851 3481 legionibus
876 3386 991 3453 Titum
1017 3384 1205 3457 Labienum
1232 3387 1396 3482 preficit;

315 3494 374 3586 qui
392 3493 620 3587 impigerrime
638 3493 799 3587 profecti,
820 3506 855 3560 et
872 3505 1037 3560 nocturna
1051 3492 1132 3586 fuga
1145 3492 1248 3564 fessos
1265 3517 1307 3563 ee
1328 3495 1396 3566 dis·

315 3623 432 3694 perses
451 3601 609 3687 assecuti,
631 3602 811 3668 mantuam
831 3623 874 3666 ex
897 3598 951 3667 his
978 3612 1123 3695 stragem
1140 3600 1295 3688 edidere,
1313 3602 1396 3672 dum

315 3705 619 3793 resistuntultir'ni,
638 3721 780 3800 cogente
800 3705 968 3800 perisul03
986 3708 1087 3800 primi
1104 3721 1235 3797 autern,
1247 3709 1395 3779 tumultu

315 3815 446 3883 emirms
458 3813 685 3908 uidito,quasi
697 3835 750 3882 res
766 3812 809 3881 ad
825 3837 860 3882 se
876 3815 1013 3882 minime
1026 3816 1225 3909 pertineret,
1235 3814 1315 3911 fuge
1332 3818 1396 3886 sibi

314 3924 456 4016 quisque
468 3919 664 3990 consuleret.
677 3923 740 4008 Ita,
754 3919 807 3990 bis
820 3920 1031 4017 urgentibus,
1044 3921 1108 3991 illis
1118 3936 1231 3990 autam
1242 3922 1296 3991 vel
1307 3947 1395 3994 vene

313 4028 543 4098 resistentibus
552 4025 735 4122 ,tel-plene
749 4053 786 4097 se
802 4027 1035 4116 reddentibus,
1049 4030 1122 4123 ipsa
1132 4029 1282 4124 quidem,
1291 4055 1396 4126 quarn

313 4133 415 4232 longa
436 4135 522 4223 dies,
536 4149 606 4207 tam
628 4133 728 4231 longa
755 4137 820 4206 fuit
843 4139 944 4206 edam
966 4136 1142 4206 hominum
1167 4136 1281 4210 cedes.
1310 4140 1396 4211 Sere
