3000 5025
276 497 351 570 530
562 499 600 566 C.
628 499 778 566 IULII
806 493 1046 568 CAESARIS

273 659 330 711 τας
357 633 520 724 όχυρῶσεις
544 633 722 705 ἐποιήσατο·
750 638 873 724 πρῶτον
894 633 947 723 μὲν
971 632 1102 725 τάφρον,
1122 633 1160 700 τὸ
1187 633 1241 724 μὲν
1261 627 1347 711 όάθος

272 730 377 809 ποδῶν
398 736 507 821 εἴκοσι’,
525 736 634 830 ὀρθίοις
647 736 806 832 πλαγίοις,
824 731 928 830 ὤρυξε·
946 741 1063 817 ταύτης
1077 736 1138 833 γὰρ
1159 739 1196 806 τὸ
1215 729 1347 834 γάπεδον

272 855 421 915 τοσοῦτον
441 844 481 923 εἰς
501 841 585 938 εὖρος
598 845 726 927 ἔτεινεν,
740 849 810 912 όσον
824 844 876 910 καὶ
894 843 936 911 τὰ
955 840 1018 911 ἀνω
1036 843 1121 938 χειλη
1142 847 1197 913 ἀπ’
1212 847 1349 920 ἀλλάλων

274 945 432 1030 διέςασαν.
442 951 557 1020 Πάντα
569 942 605 1017 δέ
619 953 649 1017 τ’
661 947 743 1017 οἷλλα
757 953 946 1043 ὀχυρώματα
959 951 1022 1021 ἀπὸ
1036 954 1154 1031 ταύτης
1165 962 1222 1029 τῆς
1234 951 1352 1044 τάφρου

273 1058 345 1152 τρία
363 1050 462 1135 ’ςάδια
478 1061 655 1132 ἐποιήσατο·
673 1059 724 1123 ἵνα
737 1060 779 1150 μὴ
797 1052 910 1142 (αὐτοῦ
924 1067 1056 1126 τοσοῦτο
1072 1051 1215 1151 διάςημα
1228 1064 1354 1152 περιλα-

275 1159 403 1249 ύόντος)
418 1156 531 1257 ρορδίως
549 1167 611 1231 πάν
639 1166 676 1231 τὸ
705 1165 790 1258 ἔργον
815 1163 925 1238 πλάθει
946 1171 1128 1257 ςρατιωτῶν
1150 1156 1277 1231 δύναιτο
1305 1190 1356 1230 κυ-

274 1271 434 1355 κλοῦσθαι,
454 1273 528 1363 μήτ’
548 1267 586 1336 αὖ
613 1270 642 1336 οἱ
662 1265 804 1362 πολέμιοι
825 1277 871 1356 τῷ
895 1280 979 1362 σφῶν
1002 1270 1132 1354 πλήθει,
1155 1271 1173 1346 ἢ
1195 1273 1305 1348 νυκτὸς
1324 1263 1357 1346 ἐξ

274 1370 511 1470 ἀπροσδοκήτου
531 1370 798 1468 προσύσλλοιεν,ἢ
819 1377 884 1468 μεθ’
903 1378 1017 1470 ἡμέραν
1041 1379 1114 1462 βέλη
1139 1376 1180 1456 εἰς
1201 1379 1273 1454 τοὺς
1285 1362 1357 1442 Pm-

275 1482 399 1576 μαίους,
419 1483 497 1576 ἀμφὶ
517 1484 554 1550 τὸ
579 1485 664 1577 έργον
692 1484 845 1579 ἔχοντας,
864 1475 1007 1550 δύναιντο
1031 1485 1161 1576 ἀφιέναι.
1180 1487 1282 1551 Τοῦτο
1304 1483 1357 1575 μὲν

274 1586 325 1658 ούν
345 1592 382 1657 τὸ
403 1582 545 1683 διάςημα
567 1579 736 1674 διαλιπὼν,
759 1581 815 1656 δύο
835 1593 940 1685 ἐτέρας
958 1589 1107 1684 τάφρους,
1129 1592 1166 1658 τὸ
1193 1590 1247 1682 μὲν
1273 1586 1358 1683 εύρος

275 1693 356 1765 έπτά
379 1688 498 1779 πόδας,
523 1697 620 1763 ταυτὸ
641 1688 676 1762 δὲ
698 1706 739 1790 τῇ
757 1696 893 1788 προτέρᾳ
917 1692 992 1786 ὕψος
1017 1698 1155 1788 ἐχούσας·
1175 1707 1295 1773 ταύτας
1323 1721 1358 1761 τε

276 1799 352 1887 (οἵτε
371 1794 412 1878 δὴ
431 1806 461 1869 ἐν
481 1802 584 1888 ἐκείνῳ
601 1811 648 1890 τῷ
667 1804 756 1890 τόπῳ
769 1793 920 1881 πεδιάδος
935 1797 1049 1892 ούσης)
1062 1795 1144 1897 ὕδωρ
1160 1806 1195 1870 ἐκ
1208 1813 1266 1870 τοῦ
1280 1808 1362 1874 πλη·

276 1908 340 1976 ’σίον
358 1919 504 1999 ποταμοῦ
522 1912 732 2003 παραγαγὼν,
747 1909 953 2003 ἀνεπλήρωσε.
974 1907 1068 1976 Μετά
1095 1901 1131 1976 δὲ
1156 1911 1273 1986 ταύτας
1297 1905 1362 2000 χῶ-

277 2005 322 2109 μά
336 2041 389 2100 τε,
402 2015 454 2083 καὶ
471 2019 567 2108 ἔρυμα
580 2006 769 2086 δυοκαίδεκα
785 2007 891 2085 ποδῶν
910 2019 947 2084 τὸ
967 2012 1066 2108 οὖρος,
1085 2019 1320 2083 κατεσκεύασεν·
1336 2013 1363 2102 ᾧ

278 2125 410 2214 ἐσχάραν
427 2148 479 2203 τε,
490 2120 541 2188 καὶ
560 2115 717 2201 ἐπάλξεις,
732 2122 883 2217 μεγάλους
903 2148 938 2190 τε
953 2124 1084 2201 ςαλικας
1100 2127 1363 2218 προνενευκότας,

278 2227 299 2322 ᾗ
319 2229 375 2310 τό,
388 2251 423 2293 τε
441 2237 535 2319 χῶμα
553 2227 604 2294 καὶ
627 2225 669 2294 τὰ
693 2230 770 2322 ςέγη
795 2229 940 2306 ἀλληλοις
966 2239 1136 2314 συνῆπτον,
1154 2229 1364 2324 προσέθηκεν,

278 2337 329 2401 ἵνα
346 2339 441 2400 τοῦτο
467 2341 531 2410 τοῖς
549 2333 705 2424 πολεμίοις
716 2385 725 2416 ,
736 2345 795 2401 τοῦ
815 2338 857 2426 μὴ
874 2328 987 2429 ρορδίως
1003 2327 1151 2403 δύνασθαι
1165 2331 1366 2419 ἀναόαίνειν,

280 2431 424 2534 ἐμποδὼν
442 2440 571 2533 γένοιτο.
591 2421 713 2508 Ιθπειτα
732 2432 767 2508 δὲ
784 2444 917 2537 πύργους
935 2443 1031 2510 παντὶ
1049 2454 1095 2533 τῷ
1111 2445 1240 2537 ἐρύματι
1259 2468 1368 2538 περιῳ-

176 2612 179 2616 ,
281 2540 474 2637 κοδόμησεν,
490 2538 591 2626 πόδας
606 2539 801 2643 ὀγδοήκοντα
816 2550 870 2617 ἀπ’
889 2550 1030 2624 ἀλλύλων
1046 2551 1221 2641 ἀφεςῶτας.

335 2656 490 2723 LXXIII.
506 2633 552 2719 Ην
572 2645 605 2718 δ’
626 2656 656 2719 ἐν
668 2657 778 2738 τούτῳ
796 2655 960 2750 ἀναγιιόιῖον
977 2658 1034 2730 τὴν
1054 2666 1116 2722 τῶν
1139 2642 1288 2749 θ’)ωμοιέων
1306 2648 1367 2722 δύ-

283 2788 372 2854 ναμιν
398 2764 428 2827 ἔν
447 2785 482 2827 τε
501 2768 548 2845 τῷ
567 2754 715 2841 ξυλεύειν,
729 2761 783 2827 καὶ
801 2763 1016 2855 προνομεύειν,
1030 2764 1171 2831 τοσαῦτά
1192 2788 1227 2829 τε
1246 2766 1369 2855 ὀχυρῶ·

285 2894 373 2962 ματα
394 2858 583 2957 οἰκοδομεῖν,
596 2866 814 2949 ἐλαττοῦσθαι,
835 2871 885 2935 ότι
906 2869 1010 2960 πόρίῥω
1036 2878 1092 2935 τοῦ
1111 2860 1310 2961 ςρατοπέδου
1337 2871 1372 2936 οἱ

285 2982 460 3068 ςρατιῶται
481 2972 531 3039 ἐπὶ
556 2976 681 3051 τούτοις
700 2968 834 3067 ἐξήισαν·
856 2979 918 3051 ῶςε
938 2974 1034 3041 ἐνίοτε
1060 2975 1089 3041 οἱ
1114 2976 1229 3043 Γάλλοι
1256 2975 1297 3053 εἰς
1326 2979 1369 3043 τὸ

286 3080 461 3173 χαράκωμα
477 3080 637 3171 παριέναι,
651 3081 703 3146 καὶ
734 3082 768 3145 ἐκ
795 3090 852 3157 τῆς
877 3081 994 3159 πόλεως
1023 3071 1076 3147 διὰ
1094 3088 1217 3149 πολλῶν
1241 3088 1371 3169 πυλῶν,

287 3178 412 3265 ἐξόδους
427 3179 527 3263 ύιαίας
543 3185 694 3253 ποιεῖσθαι
712 3188 938 3281 ἐπεχειροῦντο.
955 3187 1007 3254 Διὸ
1028 3192 1044 3253 ό
1060 3190 1180 3281 Καῖσαρ
1201 3190 1303 3283 ταύτῃ
1325 3199 1371 3283 τῇ

288 3296 436 3385 ὀχυρῶσει
453 3291 485 3361 τὶ
504 3292 684 3383 προσθετέον
700 3288 775 3360 εἶναι
794 3295 949 3385 ἐνόμισεν,
967 3292 1016 3359 ἵνα
1030 3296 1089 3363 ὑπὸ
1113 3295 1277 3373 ἐλάττονος
1291 3320 1371 3391 ςρα-

290 3410 411 3467 τιωτῶν
431 3397 559 3492 ἀριθμοῦ
580 3393 694 3465 οἷόντε
715 3398 760 3473 εἴη
782 3391 1055 3490 διαφυλάττεσθαι.
1076 3402 1206 3494 Πρῶτον
1231 3402 1284 3492 μὲν
1314 3398 1370 3469 οὖν

291 3509 440 3597 ςελέχεων
468 3501 525 3583 τάς
549 3504 747 3598 άσθενεςέρας
774 3498 907 3584 κλάδους
934 3507 1116 3599 ἀποτεμὼν,
1140 3509 1249 3575 ἔπειτα
1277 3498 1313 3574 δέ
1335 3512 1371 3575 τ’

291 3610 374 3680 ἀλλα
392 3601 545 3688 ἀποξέσας
563 3638 617 3696 τε,
638 3612 689 3679 καὶ
709 3611 751 3679 τὰ
770 3609 850 3707 ἀκρα
868 3607 1041 3696 ἀποξύνας,
1061 3622 1193 3705 συνεχεῖς
1213 3616 1372 3707 τάφρους,

293 3722 385 3789 πέντε
412 3710 518 3785 ποδῶν
548 3714 622 3807 ύψος
650 3721 794 3809 ἐχούσας,
815 3716 961 3814 ὤρυττεν.
976 3705 1121 3786 Ενταῦθά
1144 3746 1179 3789 τε
1203 3731 1309 3787 ταῦτα
1327 3718 1373 3788 τὰ

292 3828 424 3917 ςελέχη,
438 3827 473 3891 ἐκ
486 3834 547 3891 τῶν
563 3816 686 3891 κλάδων
701 3818 798 3916 μόνον’
807 3828 1049 3921 ἀναφαινόμενα,
1064 3821 1217 3917 ἐμπήξας,
1231 3827 1371 3894 κάτωθεν

294 3933 439 4008 ἀλλάλοις
457 3921 646 4021 συνέδει,μή
666 3938 706 4023 ρορ
729 3958 780 4009 ιως
799 3933 1029 4000 ἀνασπασθεῖεν.
1045 3911 1132 3999 Ilm
1152 3935 1207 4026 μὲν
1226 3931 1278 4001 οὖν
1296 3935 1375 4000 τού-

295 4064 358 4105 των
372 4045 434 4103 τῶν
447 4044 581 4129 ςελεχῶν
595 4038 686 4105 πέντε
704 4032 818 4117 τάξεις·
833 4038 854 4134 γέ
872 4040 900 4107 οἱ
919 4040 1076 4122 εἰσιόντες,
1090 4041 1218 4118 ἑαυτοὺς
1236 4039 1277 4118 εἰς
1299 4040 1374 4119 τοὺς

297 4138 465 4221 ὀξυτάτους
490 4142 617 4222 ἐκείνους
644 4147 775 4237 ςαυροὺς
799 4136 1064 4225 ἐνέδυον.Ταύτοις
1090 4148 1143 4238 μὲν
1176 4146 1235 4225 τὰς
1260 4137 1377 4229 τάξεις,
