3000 5025
271 523 579 596 ινεειινειοε
605 521 846 594 GRAECUS.
875 517 971 592 ειν.
999 502 1066 591 v1.¹
1122 527 1194 618 47¹

111 648 309 737 σπουδάζον·
327 660 379 726 καὶ
394 650 446 725 διὰ
459 668 554 726 τοῦτο
568 656 597 725 οἱ
617 651 650 736 ἐξ
669 661 771 725 αὐτῶν
796 651 989 750 όαρυτάταις
1001 655 1100 734 νόσοις
1116 681 1200 722 συνε-

110 764 267 856 χόμενοι,
292 765 311 840 ἢ
340 764 392 832 καὶ
420 767 449 832 ἐν
469 773 537 842 ταῖς
566 765 681 857 μάχαις
709 763 839 856 ἰσχυρῶς
862 755 1104 845 κινδυνεύοντες,
1136 761 1201 829 ἀνθ’

113 869 237 960 ἱερείων
255 871 431 965 ἀνθρώπους
447 870 578 954 θύουσιν,
592 868 610 944 ἢ
626 869 678 937 καὶ
689 876 768 962 σφοῖς
784 871 897 952 αύτούς
911 869 1010 936 θύσειν
1026 874 1203 960 ὑπισχνοῦν-

110 1001 188 1059 ται,
205 977 316 1071 ἱερεῦσί
335 1003 369 1045 τε
388 980 464 1071 πρὸς
483 975 525 1044 τά
544 985 676 1044 τοιαῦτα
699 984 764 1054 τοῖς
785 967 946 1069 Δρουίδαις
963 983 1117 1069 χρῶνται,
1131 975 1200 1041 ἀντ’

112 1074 235 1177 ἀνδρὸς
258 1078 343 1168 ύίου,
358 1083 383 1150 εἰ
404 1087 444 1176 μη
470 1075 580 1176 ἀνδρὸς
602 1078 668 1150 ύίου
688 1082 844 1166 τεθέντος,
858 1085 915 1156 την
934 1089 996 1148 τῶν
1016 1081 1089 1148 θεῶν
1108 1083 1200 1175 ὀργάν

112 1192 178 1281 οὐχ
193 1189 372 1257 ἱλάσκεσθαι
385 1183 568 1283 νομίζοντες·
585 1200 669 1285 κοινῇ
694 1215 727 1256 τε
746 1188 815 1282 περὶ
833 1191 953 1256 τούτων
971 1188 1074 1265 θυσίας
1096 1179 1200 1253 διετά·

112 1287 229 1372 ξαντο·
247 1295 298 1362 καὶ
316 1297 344 1364 οἱ
363 1293 418 1389 μὲν
441 1299 543 1364 αὐτῶν
568 1301 705 1390 ὑπερφυῆ
734 1298 772 1362 τὸ
794 1295 917 1389 μέγεθος
933 1286 1048 1361 εἴδωλα
1069 1292 1202 1366 ποιησά-

112 1428 227 1494 μενοι,
241 1401 284 1469 τὰ
298 1403 375 1495 μελη
391 1403 509 1469 ἐκείνων
528 1405 563 1470 έκ
574 1409 675 1497 λυγῶν
687 1404 972 1495 περιπεπλεγμένον
992 1425 1201 1468 κατεσκευασ·

113 1511 200 1600 μένα
224 1498 355 1602 ἀνδράσι
375 1503 461 1588 ζώοις
481 1511 711 1600 ἐμπλήσαντες,
728 1504 810 1574 αύτθι
828 1507 1016 1588 ἀνάπτουσι,
1029 1507 1081 1572 καὶ
1103 1509 1200 1582 οὕτως

114 1615 144 1682 οἱ
165 1604 259 1682 ἔνδον
274 1609 444 1708 ἅνθρωποι,
463 1613 613 1683 πάντοθεν
632 1611 704 1709 πυρὶ
722 1615 950 1709 περιεχόμενοι,
965 1612 1200 1687 ἀποθνάσκουσι.

114 1721 186 1789 Τὴν
213 1710 250 1788 δὲ
268 1729 330 1788 τῶν
352 1721 381 1787 ἕν
402 1747 463 1788 τινι
482 1719 637 1814 κλοπῇ,ἢ
663 1717 749 1806 ἀλλιρ
776 1728 822 1787 τῶ
838 1711 1011 1811 ἀδικήματι
1025 1717 1202 1808 ληφθέντων

113 1827 274 1920 τιμωρίαν
307 1833 372 1905 τοῖς
400 1827 476 1904 θεοῖς
504 1829 670 1921 χαριέςεροι
696 1823 771 1893 εἶναι
797 1819 979 1918 νομίζουσιν·
1016 1825 1085 1892 ἀλλ’
1117 1828 1199 1916 όμως

114 1934 343 2002 ἐπιλειπόντων
359 1936 500 2012 τούτων,
514 1932 565 2000 καὶ
580 1937 652 2011 τοὺς
667 1931 821 2011 ἀναιτίους
834 1925 1040 2010 ύασανίζουσι.

143 2029 155 2046 “
175 2040 295 2108 XVII.
315 2038 449 2107 Πάντων
465 2030 501 2106 δὲ
517 2047 578 2106 τῶν
591 2040 665 2106 θεῶν
680 2041 734 2107 τὸν
750 2025 1082 2132 Ερμῆνπερισσότατα
1100 2030 1203 2103 σε’όου·

116 2172 170 2230 σι,
187 2145 241 2214 καὶ
263 2145 376 2214 πολλαὶ
395 2149 491 2214 αὐτοῦ
511 2148 540 2212 έν
566 2156 605 2240 τῇ
621 2145 766 2239 Γαλατίᾳ,
786 2144 857 2212 εἰσὶν
873 2144 995 2223 εἰκόνες.
1007 2147 1125 2210 Τοῦτον
1147 2144 1201 2234 μέν

116 2251 182 2348 γάρ
210 2263 273 2319 τῶν
296 2260 411 2346 τεχνῶν
436 2262 544 2320 πασῶν
569 2255 709 2344 εὑρετὴν,
737 2263 849 2320 τοῦτον
876 2243 911 2318 δέ
939 2261 1000 2318 τῶν
1026 2241 1108 2317 ὁδῶν
1126 2255 1202 2344 ἠγε-

117 2361 220 2490 μόνα,
237 2368 349 2426 τοῦτον
366 2350 400 2426 δὲ
420 2358 523 2426 καὶκε
490 2350 788 2454 κερδαλεώτατον
763 2384 853 2444 ειναι,
873 2357 926 2424 καὶ
944 2360 1084 2451 μέγαρ
1041 2384 1066 2424 π
1069 2357 1117 2451 ρθς
1143 2359 1200 2430 τήν

117 2465 274 2561 ἐμπορίαν
290 2460 521 2599 φυμύάλλεσθαι
527 2387 700 2593 ρνομίζουσι·
719 2492 799 2559 μετα
782 2456 888 2532 δ”
856 2465 965 2547 αυτὸν,
980 2465 1034 2532 τόν
1050 2488 1085 2530 τε
1100 2452 1203 2531 ἀπολ-

113 2580 230 2655 λωνα,
250 2571 302 2640 καὶ
332 2576 387 2641 τὸν
406 2554 436 2639 I
438 2598 509 2666 ρ,ην
529 2598 581 2639 και
605 2572 658 2639 τόν
681 2572 754 2656 Δία,
771 2571 822 2639 καὶ
845 2574 901 2645 τὴν
921 2560 1043 2644 Ᾱθηνάν
1068 2595 1200 2661 προσκυ·

117 2689 220 2747 νοῦσι.
245 2679 309 2745 Καὶ
327 2678 395 2775 περὶ
420 2680 474 2772 μὲν
504 2681 623 2746 τούτων
640 2688 735 2746 τουτο
755 2706 784 2746 οι
775 2677 917 2744 Τάλλοι
934 2679 1126 2771 γινώσκουσι·
1146 2677 1200 2743 τὸν

120 2787 179 2879 μὲν
200 2774 393 2870 Ᾰπολλωνα,
415 2784 473 2864 τάς
500 2785 605 2863 νόσους
624 2810 679 2867 τε,
700 2782 753 2851 καὶ
771 2782 828 2862 τὰς
846 2783 998 2860 ἀσθενείας
1017 2781 1200 2873 θεραπεύειν·

119 2895 183 2967 τὴν
202 2882 233 2957 δ’
251 2880 390 2975 Ᾰθηνάν,
406 2889 463 2970 τάς
482 2890 606 2959 πάντων
624 2891 717 2986 ἔργων
732 2890 785 2957 καὶ
797 2898 913 2981 τεχνῶν
932 2887 1030 2983 ἀρχάς
1048 2879 1203 2981 παραδοῦ-

119 3024 185 3065 ναι·
206 2998 260 3064 τὸν
281 2988 316 3064 δὲ
335 2997 411 3081 Δία,
426 3024 482 3065 του
499 3001 626 3092 ούρανοῦ
646 2993 759 3090 ἀρχειν·
779 2998 833 3064 τὸν
853 2976 925 3061 δ’Ᾰ
929 3021 999 3090 ρην,
1017 2995 1090 3071 τοὺς
1108 2996 1202 3061 πολέ·

122 3131 201 3199 μους
221 3097 452 3235 μεταχειρίζειν.
472 3106 584 3190 Τούτῳ
602 3096 637 3171 δέ
652 3106 819 3185 πολλάκις,
834 3103 936 3195 μάχην
956 3099 1025 3167 τινά
1038 3100 1201 3169 συνάπτειν

121 3207 361 3305 μέλλοντες,
327 3236 369 3278 τα
387 3212 447 3277 ὑπὸ
468 3218 551 3338 σφῶν
571 3198 600 3278 έν
620 3221 660 3305 τῇ
675 3211 760 3304 μάχη
777 3209 995 3300 ληφθησόμενα
1012 3188 1201 3294 καθιεροῦσι,

124 3316 181 3385 καὶ
194 3343 238 3384 τα
221 3314 496 3410 αἰχμάλωτα
451 3342 557 3385 παντα
571 3310 635 3395 ζῶα
649 3284 763 3384 θύουσι·
772 3342 815 3382 τα
798 3307 863 3382 δε
873 3315 997 3408 λάφυρα
1007 3311 1203 3381 ἀλλαπάντοι

124 3423 168 3502 εἰς
188 3426 241 3491 ένα
259 3424 356 3492 τόπον
376 3426 566 3517 σωρεύουσιν·
581 3428 642 3501 ὥςε
656 3423 707 3491 καὶ
721 3426 750 3490 ἐν
765 3427 894 3499 πολλαῖς
907 3423 1071 3488 πόλεσι
1028 3447 1091 3487 των
1106 3423 1204 3487 τοιού-

125 3555 191 3597 των
213 3533 345 3608 πολλοὺς
364 3530 479 3624 σωροὺς
498 3556 527 3596 εν
548 3530 615 3623 ἱερῷ
636 3556 699 3609 εςιν
719 3521 850 3596 ιδεῒν’
811 3554 910 3614 τοπῳ·
927 3527 952 3594 εί
971 3552 1027 3620 μεν
1045 3527 1104 3621 γάρ
1123 3552 1202 3604 τινες

125 3634 145 3710 ἢ
164 3645 222 3713 τῆς
237 3631 405 3731 θεοσεύείας
420 3632 724 3727 ἀμελησάντες,ἢ
696 3663 717 3703 α
730 3639 761 3703 ἐν
780 3644 828 3723 τῷ
844 3635 970 3725 πολέμῳ
989 3627 1101 3700 ἔλαύον
1112 3636 1203 3727 ,κρύ-

126 3739 298 3832 ψαντες,ἢ
319 3742 371 3810 καὶ
393 3769 434 3809 τα
418 3734 512 3817 ηδη
532 3742 720 3810 ἀνατεθέντα
730 3739 928 3832 ,κλέψαντες
950 3743 1115 3835 εὕρωνται,
1128 3742 1201 3807 τού-

125 3875 200 3926 τους
221 3841 352 3938 ἀφειδῶς
370 3842 541 3927 κολάζουσι.

181 3956 315 4024 XVIII.
331 3958 395 4023 Τοῦ
415 3946 450 4021 δὲ
464 3957 609 4023 Πλούτου
624 3958 705 4037 σφοῖς
724 3980 753 4020 οι
742 3953 889 4022 Γάλλοι
902 3954 1015 4030 πάντες
1020 3952 1206 4083 ἀπργόνους

126 4057 202 4129 εἶναι
218 4062 353 4155 λέγουσι·
377 4054 431 4129 διά
450 4086 484 4129 τε
509 4070 604 4129 τοῦτο
628 4063 682 4148 τὸν
697 4060 814 4154 χρόνον
839 4064 873 4126 ού
893 4057 976 4126 κατὰ
994 4086 1051 4137 τας
1069 4060 1204 4152 ἡμέρας,

124 4165 208 4240 ἀλλὰ
230 4165 316 4235 κατὰ
340 4166 398 4246 τάς
416 4170 530 4246 νύκτας
550 4140 699 4261 ὁρίζουσι,
720 4166 778 4245 τάς
796 4192 832 4234 τε
853 4166 1005 4261 γενεθλίας
1031 4174 1134 4250 σφῶν,
1153 4165 1224 4256 καὶ,

945 4285 1016 4370 30⁴
