3000 5025
320 505 392 572 DE
420 504 549 573 VITA
576 504 720 573 JULII
749 504 987 577 cAEsARIs.
1120 503 1194 579 135

130 648 218 730 gestu
224 658 351 704 aevoee
361 634 644 730 significantibus,
658 636 890 732 proficiscitur.
907 641 967 727 Et,
978 638 1193 733 vigintiquin-

129 766 187 835 que
206 741 349 811 millibus
369 766 527 837 passuum
542 744 684 830 exactis,
698 743 1198 817 videtabadversoueuientem
1313 743 1318 751 ’

129 852 225 917 aciem
236 848 423 918 AEduorum
434 874 441 916 :
453 852 690 945 praemittitque
702 849 765 920 iilis
776 851 913 923 obvium
926 853 1128 946 equitatum,
1137 856 1196 947 qui

33 1052 34 1055 Ἴ
129 952 194 1025 iilos
211 956 371 1051 impediat
389 980 427 1026 ac
442 956 606 1045 retardet,
622 960 716 1051 gravi
728 958 884 1027 omnibus
900 958 1099 1030 inhibitione
1116 984 1195 1054 pro-

33 1142 34 1147 ,
129 1064 244 1156 posita,
267 1088 309 1131 ne
329 1088 438 1157 quem
451 1088 588 1157 prorsus
606 1064 823 1137 occiderent:
845 1090 914 1133 non
935 1067 1042 1135 severi
1057 1067 1196 1159 judicis,

33 1240 35 1243 ,
128 1169 178 1237 sed
195 1170 241 1263 pii
261 1194 356 1238 more
373 1172 492 1263 patris,
512 1172 674 1263 castigare
692 1171 827 1258 votens,
843 1196 913 1241 non
931 1174 1103 1266 perimere.
1125 1176 1195 1242 No·

128 1278 268 1343 nutatim
288 1276 550 1371 Eporedorigem
561 1290 596 1345 et
605 1275 857 1351 Viridomarum
876 1279 926 1347 ire
937 1280 1051 1371 jubet,
1069 1294 1104 1349 et
1118 1304 1196 1349 suos

128 1381 262 1476 alloqui,
289 1397 330 1451 ut
359 1381 495 1452 videant
519 1406 699 1453 emensos
720 1408 792 1453 non
817 1408 906 1472 esse,
934 1388 1019 1455 sieut
1044 1386 1198 1481 proditor

33 1504 35 1581 ξ
127 1488 173 1557 ille
190 1489 408 1561 confinxerat.
432 1491 521 1579 Qui,
545 1490 604 1559 ubi
626 1490 669 1559 ad
698 1491 826 1561 AEduos
849 1515 987 1579 venere,
1005 1495 1197 1587 amicosque

33 1584 35 1671 i
127 1610 155 1664 et
169 1611 267 1665 notos
290 1596 490 1691 oompeiiare
512 1612 700 1693 coeperunt,
717 1589 839 1687 (nemo
861 1612 975 1667 auton
991 1598 1064 1667 illos
1082 1624 1101 1667 e
1124 1614 1198 1669 toto

33 1774 35 1789 ι
127 1706 252 1798 equuus
266 1728 337 1772 non
348 1718 382 1773 et
393 1718 534 1773 noverat
548 1718 581 1773 et
593 1697 765 1794 amabam)
781 1706 946 1799 percussit
962 1706 1090 1774 animos
1108 1704 1201 1777 illico·

126 1832 196 1879 reru
219 1810 462 1898 eonsidemti03
478 1824 652 1880 senserunt
667 1838 701 1881 se
722 1813 928 1907 pincipitom
945 1811 979 1878 in
998 1810 1125 1900 locum,
1145 1815 1196 1881 sui

127 1915 214 1987 diruis
235 1917 373 2007 fraude,
391 1918 581 2012 perductos
598 1918 759 2012 Projectis
771 1920 882 2013 iteque
896 1920 1007 1987 statim
1025 1921 1144 2008 armis,
1163 1933 1197 1987 et

127 2026 283 2116 protentis
294 2024 337 2093 ad
345 2027 510 2094 Caesarem
526 2025 696 2113 manibus,
709 2040 885 2120 coeperunt
897 2024 963 2092 alta
976 2049 1062 2094 voce
1075 2028 1197 2096 erroris
1294 2108 1297 2119 Ι

126 2132 251 2201 veniam
281 2130 469 2226 implorare.
502 2134 687 2202 litavietus
713 2156 796 2205 veru
821 2130 1008 2228 intoibgens
1042 2134 1197 2203 inefficax

127 2260 216 2306 suum
245 2262 318 2308 osse
348 2253 596 2327 commentum,
621 2239 758 2309 dimisso
781 2241 929 2308 exercitu
954 2238 1097 2334 amplius
1128 2266 1197 2312 non

127 2367 196 2433 suo,
220 2370 300 2414 eum
319 2344 495 2419 clientibus
511 2347 579 2416 suis
596 2349 653 2439 qui
672 2372 766 2436 eum,
786 2372 883 2420 more
900 2344 1034 2440 galbeo,
1054 2348 1088 2416 in
1106 2347 1198 2416 uuila

127 2448 272 2523 deserere
291 2466 447 2548 poterant
464 2453 616 2542 fortuna,
634 2478 722 2550 equo
739 2452 881 2527 stimulis
893 2452 1030 2541 adacto,
1042 2452 1130 2524 eiam
1148 2454 1196 2524 di·

127 2555 258 2648 labitur,
282 2563 501 2655 pervenitque
522 2551 735 2655 Gergouiam.
754 2565 886 2648 Caesar,
907 2562 1033 2631 nuntiis
1052 2561 1197 2632 AEduum

126 2667 246 2755 missis,
269 2669 328 2760 qui
353 2667 578 2762 proditionem
602 2668 776 2755 Litavieti,
801 2688 961 2761 suamque
988 2665 1198 2737 clementiam

126 2776 330 2860 nuntiarent,
361 2776 575 2844 servatricem
602 2797 739 2842 suorum
768 2774 909 2862 oinium,
931 2773 1026 2866 quos
1046 2773 1200 2844 occidere

39 2865 43 2882 ’
101 2861 107 2876 ’
127 2877 197 2949 belli
214 2882 293 2974 jure
311 2879 424 2969 licuit,
443 2905 511 2950 non
532 2879 675 2976 amplius
696 2899 797 2974 quam
817 2894 886 2948 tres
906 2881 1007 2948 horas
1025 2882 1133 2950 noetis
1155 2883 1198 2951 ad

127 2989 270 3082 requiem
289 2989 358 3057 suis
380 2987 488 3076 dedit,
502 2989 645 3074 veritus,
664 2986 782 3075 eredo,
801 3010 845 3055 ne
864 2988 970 3054 nimio
981 3011 1101 3081 sopore
1113 3011 1205 3056 mar·-

127 3108 301 3164 eescerent.
321 3093 406 3167 Inde
418 3094 622 3188 Gergoviam
640 3093 885 3187 proficiscitur:
903 3093 974 3162 duo
989 3094 1122 3163 interim
1141 3120 1199 3190 pe·

33 3279 35 3298 ,
129 3201 226 3272 ricula
248 3203 477 3296 contigerant3
495 3225 573 3270 nam
596 3215 630 3270 et
650 3203 809 3288 Arverni,
833 3225 876 3268 eo
894 3198 1062 3294 digresso,
1088 3217 1198 3270 eastra

129 3306 193 3400 ejus
210 3311 419 3396 invaserant,
437 3323 472 3376 et
487 3323 672 3378 castrorum
693 3307 850 3394 laburdo,
867 3321 902 3374 et
918 3308 1068 3400 paucitas
1084 3307 1198 3378 defen·

131 3437 255 3503 sorum,
277 3429 312 3484 et
329 3416 380 3484 vis
405 3415 572 3504 hostium,
591 3438 664 3484 rem
688 3417 723 3482 in
749 3437 917 3483 summum
939 3412 1117 3483 discrimen
1140 3416 1198 3484 ad·

131 3517 272 3592 duxerat.
292 3521 334 3590 Id
356 3546 390 3590 se
407 3519 586 3616 primodie
604 3545 754 3614 passum,
772 3521 992 3615 proximoque
1006 3541 1199 3612 passurum,

132 3641 222 3722 atque
241 3627 338 3697 adid
357 3651 393 3699 se
413 3621 601 3723 prmparbre
623 3629 748 3696 Caesari
766 3627 887 3695 Fabius
899 3627 1081 3714 nuntiavit,
1099 3629 1127 3694 is
1140 3629 1199 3721 qui

131 3729 252 3828 legatus
270 3734 315 3804 ad
329 3749 439 3804 eastra
455 3747 672 3821 remansernt3
694 3749 728 3802 et
745 3734 802 3802 bie
820 3733 867 3802 iili
884 3733 1036 3819 nuntius,
1049 3736 1157 3802 noetis
1166 3747 1201 3802 et

33 3893 35 3906 2
132 3841 187 3911 vie
207 3841 339 3930 medio,
360 3844 517 3912 occurrit.
535 3845 715 3936 Propterea
733 3831 848 3938 gressu
867 3839 982 3908 addito
993 3839 1199 3929 accelerans,

133 3946 171 4014 ad
187 3963 311 4037 castre,
331 3947 482 4018 nondum
500 3963 576 4018 orto
591 3947 674 4037 sole,
684 3950 845 4044 pervenit.
857 3949 903 4016 At
915 3945 1032 4033 AEdui,
1042 3948 1200 4017 Litavieti

133 4051 169 4121 de
190 4079 326 4126 suorum
342 4055 433 4126 eaede
453 4057 577 4126 nuntiis
597 4056 733 4143 auditis,
755 4057 790 4123 in
806 4055 954 4135 furorem
965 4055 1053 4123 uersi
1066 4078 1202 4139 omnes,
1273 4142 1274 4147 ἵ

132 4159 208 4234 nibil
230 4163 631 4260 aruplius'expectantes,
652 4161 765 4256 nilque
790 4161 880 4232 aliud
904 4161 1129 4256 requirentes,
1157 4184 1202 4230 an>
1231 4208 1233 4211 v

1009 4280 1023 4326 r

977 4317 1002 4395 9
