3000 5025
261 450 565 518 INTERPRES
592 448 829 562 GRAECUS.
858 451 954 518 LIB.
983 453 1048 520 VI.
1104 456 1178 550 677

99 609 210 669 τουτω
218 607 304 676 τπει
307 591 346 649 ὤν
359 574 478 650 δωδεκα
486 579 950 676 ρρουρανκαταλιπιον,πολλαις
961 609 994 652 τε
1002 587 1057 652 τον
1065 609 1179 680 πυργον

99 693 273 820 ύχυρώσερι
287 688 602 781 κρατόνας,Γάἰὀν
569 714 622 781 μεν
638 687 807 755 Βολκάτιον
822 691 959 756 Τοῦλλον
971 690 1125 759 νεανίσκον
1140 702 1181 786 τῇ

101 801 225 891 φρουρᾷ
245 797 375 873 ἐπέςηοε
399 798 509 922 ταύτῃ
537 796 629 873 αὐτὸς
653 787 703 878 δὲ,
719 787 886 868 ἐπειδὴ’
843 821 963 887 ταχιςα
984 803 1001 864 6
1021 799 1107 888 χιλὸς
1123 799 1181 872 ήκ-

95 897 247 994 .γκαζεν,’
234 903 284 970 επὶ
307 904 361 970 τόν
378 898 463 970 κατὰ
485 913 542 968 τοῦ
561 891 682 996 Ᾰγαόιόρ
668 927 757 996 ρυγος
772 895 830 978 666
805 929 926 995 ωρμηοε
951 904 1106 996 πόλεμον,
1127 906 1181 972 τόν
1225 964 1230 971 „

101 1035 139 1076 τε
162 1013 293 1077 Λούκιον
321 1011 487 1077 Μινούτιον
511 1007 654 1076 Βασιλιον
681 1007 763 1102 μετὰ
784 1011 901 1087 παντὸς
925 1008 1107 1103 προύπεμψε
1127 1008 1183 1078 τοῦ

99 1115 250 1197 ἱππικοῦ,
267 1114 317 1182 καὶ
337 1115 365 1182 εἴ
380 1143 414 1183 τι
428 1115 447 1190 6
464 1141 502 1210 τιγ
517 1125 574 1192 τῆς
594 1107 669 1182 όδοῦ
685 1117 842 1207 παχύτητι
853 1117 893 1198 ,ἤ
909 1118 938 1181 τ’
959 1113 1010 1183 οὖν
1031 1116 1182 1209 εῦκαιρείογ

11 1230 12 1233 ’
99 1219 184 1314 ἄλλη
204 1222 281 1304 τινὶ,
300 1223 485 1314 προκόπτειν
507 1212 662 1304 δύνηται,
681 1221 765 1316 πυρὰ
789 1225 831 1312 μὴ
856 1221 950 1289 καίειν
975 1223 1184 1318 ἀπηγόρευσε,

95 1333 147 1420 μή
168 1356 217 1407 τις
236 1327 388 1421 πόρρωθεν
417 1339 474 1406 τῆς
499 1332 595 1396 αὑτοῦ
618 1323 747 1420 ἀφίξεως
776 1319 910 1407 δήλωσις
935 1337 1001 1407 τοῖς
1027 1329 1183 1422 πολεμίοις

14 1447 20 1474 *
100 1427 258 1519 δύνηται,
273 1437 381 1503 ἑαυτὸν
406 1437 488 1527 ταχὺ
507 1431 589 1528 μετὰ
611 1445 667 1512 τῆς
691 1429 816 1514 πεζικῆς
841 1427 999 1535 δυνάμεογς
1021 1433 1183 1527 ἀφέψεσθαι
1244 1515 1252 1534 Ι

100 1542 328 1634 ὑποσχόμενος.

98 1719 99 1722 ,
157 1651 274 1716 XXX.
293 1634 322 1714 O
339 1647 393 1741 μὲν
416 1638 455 1722 δή
475 1645 617 1724 Βασιλιος
635 1649 672 1715 τὸ
691 1648 901 1742 παραγγελθὲν
923 1652 1113 1732 ἐποιήσατο,
1134 1649 1187 1716 καὶ

96 1765 163 1834 τῆς
181 1754 308 1822 πάντων
324 1746 417 1832 δόξης
432 1755 601 1846 ταχύτερον
616 1757 674 1828 τὴν
692 1752 816 1846 πορείαν
832 1755 1040 1834 ἀποτελέσας,
1053 1757 1186 1832 πολλοὺς

98 1864 161 1954 μὲν
186 1860 362 1954 ἀνθρώπους
385 1863 432 1928 ἔτι
453 1863 483 1928 ε’ν
505 1867 569 1938 τοῖς
593 1860 695 1955 ἀγροῖς
721 1854 890 1945 κατελαόι,
905 1861 958 1928 καὶ
977 1865 1055 1928 όπου
1079 1865 1114 1928 οῦ
1132 1864 1186 1928 σὺν
1218 1946 1221 1951 1

101 1968 259 2046 πολλοῖς“
251 1978 389 2035 ιππεῦοιν
406 1965 441 2042 ἦν
457 1957 473 2036 6
487 1956 691 2060 Ᾰμύιόρυξβ
678 1965 798 2034 εκείνων
812 1957 1028 2098 μηνυσάντιον,
1043 1967 1188 2042 ἀπἠλθεν.

102 2063 149 2140 Εν
176 2078 254 2140 πᾶσι
268 2065 302 2139 δὲ
324 2066 363 2148 δὴ
383 2083 448 2153 τοῖς
463 2070 568 2152 ἀλλοις
583 2072 747 2202 πράγμασι
758 2125 768 2157 ,
780 2073 831 2140 καὶ
845 2077 875 2140 ἐν
890 2079 954 2152 τοῖς
967 2077 1114 2203 πολέμοις
1128 2073 1188 2204 γυρί-

101 2186 237 2254 λισταή
253 2183 332 2272 τύχη
349 2173 527 2248 δύναται·“
507 2205 607 2274 ωτπερ
627 2180 681 2273 μὲν
695 2179 755 2274 γὰρ
776 2181 1025 2313 ἀπαραογιιυάςῳ
1043 2207 1099 2264 τε,
1115 2181 1187 2263 καὶ,

103 2290 143 2356 ’τὸ
183 2287 325 2414 μόγις-ον,
349 2287 394 2354 ἀπ
397 2279 575 2382 ροοδοκήτῳ
601 2295 647 2373 τῷ
680 2276 802 2379 Ᾰγιύιόρ
788 2313 854 2382 ρυγν
878 2288 933 2355 τὸν
959 2281 1141 2355 Βασιλίον’
1128 2314 1193 2355 επι-

106 2399 232 2524 πεσρῖν,
251 2316 499 2484 παραδοξότατα
514 2387 643 2467 ουνέόη·
672 2397 771 2471 οὕτως
791 2396 826 2460 ε’κ
847 2392 979 2488 μεγίςης
995 2405 1093 2462 τοῦτο
1119 2420 1190 2461 συν-

99 2499 222 2595 τυχίας
237 2501 371 2637 ἐγένετο,
387 2502 441 2569 τὸν
450 2487 578 2594 Ᾰγαόιύρ
580 2525 690 2593 ογα,τ
767 2499 794 2594 ρὶ
813 2503 907 2569 αὐτὸν
926 2503 1002 2569 όντα
1020 2505 1191 2593 πολεμιςή·

100 2635 162 2705 ,ρια
181 2608 275 2675 πάντ’
297 2606 469 2738 ἀφελόντα,
491 2606 618 2701 ἀργιατα
649 2594 682 2671 δε
709 2632 800 2698 μονον
828 2605 918 2685 τινὰ,
936 2608 988 2674 καὶ
1016 2608 1132 2675 ἱππέων
1159 2632 1192 2674 τι

106 2714 267 2790 πλῆθος.
247 2714 466 2843 κατασχόντα,
480 2714 646 2807 ἀποφυγεῖν
665 2712 719 2778 τὸν
743 2712 887 2780 θάνατον.
904 2706 1059 2780 Ἱοῦτοδὲ
1079 2706 1191 2802 τοιῷδε

106 2818 280 2911 συνηνέχθη
304 2820 420 2913 τρόπῳ·
447 2829 504 2886 τοῦ
527 2819 598 2911 μὲν,
620 2822 698 2886 όπου
721 2819 795 2886 τότε
815 2816 851 2891 ἦν
873 2825 889 2885 ὁ
912 2809 1034 2914 Ᾰμόίορ
1036 2812 1087 2902 οξ,
1106 2820 1191 2894 οἰκή-

109 2953 215 3023 ματος
234 2927 293 2993 ὑπὸ
318 2918 435 3018 δρυμοῦ
460 2927 748 3019 περικυκλουριόνου,
770 2920 899 3019 (ὥσπερ
924 2926 981 2993 εἰσὶ
1005 2926 1048 2993 τὰ
1078 2934 1193 3004 πλεῖςα

102 3045 177 3103 τῶν
198 3034 325 3101 Γιῦιλων
341 3024 595 3125 οἰκοδομήματα,
615 3028 657 3114 οἳ,
677 3042 734 3099 τοῦ
752 3033 811 3105 τὴν
829 3031 1008 3125 θερμότητα
1025 3044 1084 3100 τοῦ
1103 3033 1191 3108 ἡλίου

108 3142 235 3235 ρεύγειν
258 3144 360 3222 ἕνεκα,
375 3137 432 3217 τὰς
461 3146 523 3205 τῶν
548 3164 584 3204 τε
606 3131 728 3231 δρυμῶν
747 3139 880 3205 καὶτῶν
900 3147 1049 3231 ποταμῶν
1065 3134 1192 3218 ζητοῦσι

110 3242 355 3331 πλησιότητας)
371 3246 400 3313 οί
419 3270 454 3312 τε
468 3244 644 3328 ἀκόλουθοι,
658 3243 709 3311 καὶ
728 3244 757 3311 οἱ
769 3246 823 3310 σὺν
838 3253 885 3333 τῷ
896 3235 1071 3340 Ᾰγιόιόρυγι
1084 3243 1193 3329 ἄλλοι,

109 3357 173 3425 τὴν
195 3362 257 3421 τῶν
276 3361 333 3418 τοῦ
354 3350 497 3418 Βασιλίου
524 3351 639 3417 ἱππέων
655 3351 757 3482 ὀλίγον
778 3348 850 3418 τινὰ
866 3353 975 3443 χρόνον
991 3354 1020 3418 όν
1034 3378 1096 3420 τινι
1113 3364 1193 3438 ςενῷ

109 3460 346 3551 τόπῳάεχον
332 3488 348 3525 ο
352 3460 438 3588 ργιγήν·
455 3460 485 3524 ἐν
502 3460 606 3546 τούτῳ
626 3448 712 3523 δὲ
679 3484 733 3525 τον
754 3483 807 3549 μεν
826 3446 950 3552 Ᾰμόιόρ
935 3484 1010 3588 ρυγα
1028 3469 1090 3525 τῶν
1111 3466 1192 3535 ῦπη·

113 3574 212 3663 ρετῶν
233 3592 281 3646 τις
314 3567 360 3655 ‘6'
387 3565 480 3632 ἵππον
506 3566 560 3631 ἐπί
547 3525 647 3630 ίύόιλε·
672 3566 826 3658 φεύγοντα
851 3555 881 3629 δ’
906 3567 999 3633 αὐτὸν
1031 3566 1068 3632 τὸ
1096 3567 1192 3647 νάπος

111 3668 257 3807 ἔκρυψεν·
284 3677 345 3749 ὥςε
369 3670 421 3739 καὶ
438 3672 517 3802 πρὸς
540 3672 578 3737 τὸ
597 3660 785 3736 ὑποδύεσθαι
802 3673 856 3737 τὸν
878 3663 1032 3755 κίνδυνον,
1046 3674 1194 3769 καὶπρὸς

111 3784 155 3851 τὸ
178 3780 359 3873 ἀποφεύγειν
374 3780 488 3860 αὐτὸν,
510 3782 667 3853 πλεῖςονή
690 3778 770 3869 τύχη
785 3769 931 3852 ἠδυνήθη.

166 3889 292 3953 XXXI.
303 3871 424 3958 Οδιδη
435 3873 554 3976 Ᾰμύιο
558 3878 693 3976 υξπότερ
696 3908 728 3949 ον
739 3906 893 3973 ςρατιαν
882 3875 1196 3963 ἐξεπίτηδεςούοονη-
1260 3928 1264 3937 ·

113 3994 246 4087 θροίκιι,
261 3991 363 4085 μάχην
384 3983 445 4057 δεῖν
460 3990 623 4057 συνάπτειν
638 3992 693 4056 οῦκ
707 3988 889 4081 οίόγιενος,ἢ
905 4000 946 4086 τῇ
963 4017 998 4057 τε
1015 4002 1072 4059 τοῦ
1084 3997 1194 4088 χρόνου

115 4103 317 4195 βραχύτητι,
331 4096 382 4164 καὶ
396 4107 436 4190 τῇ
450 4106 507 4163 τοῦ
521 4094 663 4163 Βαοιλίου
679 4095 795 4189 ταχίςνγ
805 4088 906 4186 ἐφόδῳ
925 4064 1142 4187 ἀπεκίκλειςο,
1157 4107 1193 4171 τό
1239 4161 1244 4166 .
