3000 5025
311 440 362 539 96
528 442 557 509 J.
585 437 738 508 cunsr
767 435 1157 507 conmnumnm

310 574 397 663 Qui,
411 587 450 641 ut
467 587 579 661 erant,
597 573 696 641 rebus
709 571 868 665 cognitis,
886 567 1032 665 legiones
1050 569 1112 638 sibi
1129 592 1247 639 omnes
1263 592 1385 665 expec-

308 674 426 749 tandae
442 704 511 749 non
529 678 738 766 existimans,
755 701 798 745 ne
815 700 911 745 mora
923 673 1110 771 periculum
1124 674 1266 745 allatura
1279 694 1385 768 esset,

308 788 455 886 evocatis
478 786 659 881 proximis,
683 786 785 853 satius
808 783 904 852 duxit
926 785 994 853 cito
1018 806 1096 851 cum
1120 785 1257 877 paucis,
1281 808 1385 877 quarn

308 892 402 962 tarde
409 918 487 965 cum
499 890 611 961 multis
622 890 798 986 proficisci.
811 892 1068 977 Convenerunt,
1080 890 1137 982 qui
1148 891 1260 958 vocati
1269 906 1385 980 erant,

307 1022 432 1069 omnes.
458 999 608 1069 Labieno
631 999 827 1093 scripserat,
848 1010 904 1084 ut,
933 997 960 1065 si
985 995 1177 1090 reipublice
1202 998 1386 1067 commodo

256 1113 259 1119 '
306 1120 437 1202 posset,
462 1106 505 1175 ad
526 1130 560 1175 se
582 1106 711 1173 veniret
732 1129 739 1171 :
763 1102 818 1172 ille
837 1104 1024 1197 rescripsit,
1045 1101 1183 1197 legionis
1201 1116 1237 1171 et
1257 1101 1384 1197 legato·

305 1238 381 1282 rum
408 1212 498 1281 caedc
525 1210 671 1281 sublatos
689 1212 819 1281 animos
839 1210 1003 1299 hostium,
1029 1221 1065 1277 et
1084 1233 1219 1279 omnem
1241 1224 1386 1303 potesta·

304 1334 372 1389 tem
391 1321 607 1389 Trevirorum
626 1317 668 1387 ad
690 1318 754 1385 tria
771 1315 874 1385 millia
891 1340 1050 1409 passuum
1066 1317 1100 1383 in
1118 1318 1220 1385 armis
1239 1340 1335 1385 esse:
1356 1321 1385 1387 si

303 1425 453 1495 discedat
469 1426 536 1495 hoc
555 1427 589 1493 in
608 1439 711 1511 statu,
729 1448 799 1491 non
821 1420 1079 1517 profectionem,
1101 1420 1160 1502 sed
1182 1422 1298 1517 lugam
1320 1450 1383 1519 po·

303 1535 369 1602 tius
391 1534 499 1601 visum
518 1533 575 1617 iri3
601 1555 662 1600 nec
682 1536 843 1625 praeterea
865 1553 962 1600 suum
991 1530 1055 1597 iter
1077 1552 1199 1599 vacare
1220 1531 1381 1625 periculo.

259 1690 261 1695 -
303 1626 416 1709 Caesar
434 1640 585 1733 quamvis
603 1637 647 1707 ad
664 1660 791 1731 paucos
808 1635 979 1721 redactus,
997 1633 1097 1729 legati
1114 1650 1186 1704 tum
1205 1635 1383 1707 consilium

303 1746 520 1841 approbavit,
532 1745 678 1838 dumque
690 1744 733 1811 ad
751 1744 865 1813 hostes
877 1742 1097 1837 properat,in
1106 1742 1223 1811 itinere
1236 1742 1383 1832 audivit,

302 1867 428 1946 quanto
447 1850 537 1947 apud
564 1852 765 1921 Ciceronem
786 1851 822 1917 in
845 1848 1034 1919 discrimine
1063 1873 1116 1917 res
1144 1864 1264 1919 essent
1286 1850 1381 1921 Illius

302 1984 383 2053 ergo
398 1957 572 2042 sollicitus,
584 1956 708 2051 gallum
724 1958 870 2051 equitem
881 1954 1062 2049 quemdam
1080 1956 1251 2049 promissis
1267 1956 1382 2051 ingen·

301 2064 389 2135 tibus
401 2062 542 2159 impellit
561 2062 686 2133 litteras
698 2087 776 2132 snas
787 2062 830 2130 ad
845 2063 1046 2131 Ciceronem
1058 2060 1161 2149 ferat,
1174 2077 1210 2131 et
1224 2063 1253 2131 si
1270 2078 1382 2145 castra

300 2171 429 2265 ingredi
445 2184 603 2266 nequeat,
619 2168 768 2263 alligatas
778 2167 890 2262 jaculo
908 2170 996 2237 intra
1014 2166 1140 2237 vallum
1150 2169 1260 2263 jaciat
1280 2172 1381 2241 Paret

299 2276 369 2367 ille;
392 2277 491 2349 etad
517 2290 626 2345 castra
649 2300 754 2369 quum
775 2277 936 2363 venisset,
953 2272 1113 2345 accedere
1140 2291 1313 2365 metuens,
1341 2294 1381 2347 ut

296 2385 408 2478 jussus
418 2398 506 2470 erat,
524 2382 650 2451 litteras
659 2381 835 2475 jaculatur.
848 2381 919 2450 Illae
932 2406 1011 2451 casu
1023 2381 1203 2475 qiramdam
1211 2385 1246 2451 in
1257 2385 1379 2455 turrim

299 2490 503 2584 inciderunt,
531 2515 639 2584 neque
669 2513 689 2558 a
718 2515 888 2585 quoquam
915 2502 992 2558 ante
1017 2488 1115 2558 diem*
1133 2490 1269 2560 tertium
1299 2492 1379 2564 vise

298 2612 393 2684 sunt;
412 2611 493 2666 tunc
515 2611 703 2692 conspectae
726 2622 746 2666 a
773 2596 920 2691 quodam
942 2594 1062 2679 milite,
1086 2595 1326 2683 detrahuntur,
1343 2614 1380 2668 et

298 2703 487 2799 adipsum,
506 2705 561 2774 cui
581 2705 747 2798 inscriptae
765 2718 878 2791 erant,
897 2695 1102 2772 Ciceronem
1111 2703 1263 2797 perlate
1275 2719 1378 2798 atque

297 2811 331 2879 in
350 2810 492 2880 concilio
509 2809 651 2880 militum
669 2811 814 2880 recitatae
831 2833 955 2904 magna
972 2833 1090 2878 omnes
1107 2808 1230 2879 fiducia
1247 2825 1282 2879 et
1299 2835 1379 2904 gau·

296 2916 352 2988 dio
370 2916 550 3012 replevere.
570 2919 669 2986 Erat
670 2931 783 2986 autem
807 2917 980 3011 perbrevis
1004 2915 1163 3034 epistola,
1187 2941 1230 2984 ne
1252 2940 1273 2984 a
1297 2917 1376 2986 bar-
1400 3007 1407 3022 ι

296 3023 385 3092 baris
403 3037 516 3118 posset
528 3022 819 3118 mtcllrg1,scnpta
831 3022 984 3091 litteris
961 3023 1093 3116 graecis,
1111 3022 1176 3092 bac
1194 3009 1375 3093 sententia:

295 3130 457 3224 Egojam
466 3154 542 3198 cum
554 3130 768 3224 legionibus
753 3145 818 3198 tter
828 3133 976 3225 arripui,
991 3128 1239 3225 cory'estimque
1248 3130 1371 3220 adero,

295 3251 333 3305 tu
354 3241 513 3306 vermem
531 3253 627 3306 tuam
648 3253 688 3305 ut
698 3240 885 3332 pri'str'rzcm
904 3241 1054 3304 retineas
1071 3260 1201 3330 quoeso.
1223 3185 1376 3308 Accessit

295 3342 337 3412 ad
357 3368 449 3438 spem
468 3342 580 3412 furnus
595 3368 636 3410 cx
649 3367 687 3411 ea
702 3357 799 3437 parte
811 3356 1030 3436 prospectus,
1045 3365 1112 3436 qua
1124 3357 1286 3412 venturus
1300 3361 1374 3414 erat

295 3451 423 3538 Cesar,
440 3464 474 3520 et
489 3448 643 3518 villarum
660 3448 830 3536 incendia,
845 3451 940 3544 signa
953 3450 1249 3544 propinquantium
1268 3449 1372 3544 legio·

294 3580 385 3626 nuru.
405 3554 494 3626 Galli
512 3555 553 3626 de
572 3555 717 3624 adventu
736 3555 884 3624 hostiurn
901 3555 944 3624 ab
962 3553 1270 3652 exploratoribus
1241 3555 1372 3647 edocti,

294 3665 415 3732 omis‘sa
443 3662 614 3734 obsidione
641 3674 850 3747 castrorum,
879 3661 1088 3758 venientibus
1114 3662 1248 3732 obviam
1277 3678 1369 3733 eunt

294 3770 396 3859 Quod
415 3784 454 3838 ut
471 3771 590 3839 Cicero
606 3766 786 3858 intellexit,
804 3792 882 3839 eum
898 3771 1007 3864 ipsum
1022 3769 1079 3863 qui
1091 3770 1215 3863 primas
1231 3768 1370 3858 tulerat,

292 3901 371 3945 curn
387 3875 501 3945 litteris
516 3874 587 3944 aliis
604 3876 706 3948 mittit
718 3874 760 3944 ad
774 3878 940 3946 Caesarem
948 3900 1129 3966 ,monens,
1142 3890 1181 3944 ut
1193 3878 1257 3944 iter
1269 3901 1369 3966 suurn

292 3997 389 4052 caute
411 3995 565 4078 peragat,
588 3981 702 4051 hostes
726 3985 816 4054 enim
838 4008 983 4071 omnes,
1004 4007 1039 4052 se
1067 3981 1222 4072 dimisso,
1249 3998 1369 4053 contra

290 4111 369 4160 eum
388 4112 578 4183 properare.
598 4091 704 4160 Erant
721 4105 834 4160 autem
850 4104 1057 4161 armatorum
1072 4091 1242 4186 sexaginta
1253 4078 1367 4199 millia1
