3000 5025
320 458 391 531 128
526 462 555 528 J.
578 402 734 529 CELst
757 458 1149 530 COMMENTARII

313 592 500 663 commodis
521 589 693 663 resarctbt
711 608 748 661 et
775 608 988 686 compensem
1010 608 1116 688 utque
1141 598 1177 661 ia
1190 588 1316 689 prtinus
1342 585 1389 663 ci·

312 705 441 769 artetes
460 724 540 795 qute
561 726 586 770 a
607 723 775 769 consensu
786 698 929 795 publico
947 698 1183 768 discessissent
1197 706 1234 769 iu
1247 717 1389 770 caetero·

312 831 387 875 rum
408 812 613 876 sententium
631 803 888 892 traductum,
905 821 946 873 ut
956 830 1059 874 uuum
1072 809 1120 875 sit
1135 812 1245 875 omm‘s
1262 808 1391 877 Gullr'ae

313 916 510 1001 cornelium,
526 938 628 983 unum
644 937 787 1008 comus,
812 934 884 981 una
901 935 996 980 mens
1004 940 1019 1000 ,·
1038 918 1096 982 cut‘
1115 929 1283 983 terrarum
1297 914 1391 983 orbis

312 1023 427 1115 impar
443 1020 542 1089 haud
559 1019 660 1093 dubie
678 1019 904 1113 sttfitturus:
926 1019 966 1088 id
981 1044 1021 1088 se
1038 1020 1300 1111 confecturum
1317 1037 1392 1090 tan·

312 1126 501 1215 tummodo,
515 1127 581 1197 sed
580 1150 688 1222 paene
691 1126 773 1218 jam
791 1125 957 1219 effectum
971 1143 1141 1222 reputare.
1159 1128 1264 1218 Quod
1274 1152 1391 1197 neces-

310 1238 399 1301 sitas
412 1258 573 1329 praesens
581 1248 730 1329 poscat,
747 1249 868 1302 castra
883 1234 994 1302 saluti
1012 1238 1161 1303 omnum
1175 1235 1389 1329 prffutura,

312 1338 432 1409 labore
452 1346 605 1409 omnium·
623 1360 669 1409 dc
686 1340 801 1409 studio
819 1339 1006 1410 munienda
1022 1365 1113 1426 esse,
1138 1340 1262 1435 quobus
1287 1343 1395 1413 subiti

311 1446 457 1515 tostum
475 1452 630 1516 incursus
649 1462 844 1515 arceantur.
861 1449 968 1515 Grata
981 1448 1135 1515 omnibus
1150 1447 1221 1518 haec
1236 1447 1301 1517 fuit
1316 1474 1391 1518 ora·

311 1554 375 1641 tio,
390 1553 481 1647 quod
494 1578 563 1622 non
581 1554 693 1622 animo
706 1552 897 1640 defecisset3
909 1552 984 1639 sed,
995 1552 1054 1620 ubi
1063 1552 1165 1621 duces
1177 1552 1247 1642 alii,
1261 1532 1392 1651 magilis

311 1658 460 1728 cladibus
483 1662 646 1754 acceptis,
668 1684 738 1729 sese
754 1659 876 1727 abdere
888 1656 1031 1746 soleant,
1051 1659 1230 1754 vultusque
1247 1660 1392 1733 militum

312 1765 481 1860 refugere,
503 1766 559 1834 hic
583 1768 617 1835 in
639 1765 811 1860 publicum
833 1762 976 1859 prodiit,
994 1778 1029 1833 et
1048 1790 1175 1835 novum
1196 1765 1311 1837 salutis
1328 1771 1392 1839 iter

311 1872 476 1960 ostendit;
498 1895 605 1965 eoque
627 1869 701 1966 plus
721 1871 800 1940 fidei
817 1869 862 1939 illi
884 1884 972 1956 erat,
994 1896 1062 1965 quo
1078 1872 1260 1941 Avaricum
1277 1875 1392 1943 ineen-
1428 1893 1430 1896 ·

312 1976 458 2046 dendurn
474 1977 760 2071 deserendumque
779 1976 1011 2065 consuluerat,
1027 1976 1155 2047 clarum
1172 1980 1393 2074 providentia

312 2083 384 2176 ejus
399 2083 556 2153 indicium
572 2110 579 2151 :
597 2086 643 2153 sic
655 2109 760 2178 quum
769 2096 967 2151 caeterorum
981 2085 1087 2151 minui
1102 2083 1225 2174 soleat,
1243 2087 1394 2167 adversis

313 2204 465 2258 creverat
486 2187 585 2265 ducis,
601 2190 701 2283 hujus
714 2191 906 2264 auotoritas.
921 2191 1041 2285 Neque
1050 2206 1114 2284 aut
1126 2193 1162 2260 in
1172 2196 1288 2263 eastris
1303 2220 1395 2279 com·

312 2296 514 2382 muniendis,
529 2320 603 2390 quae
620 2297 728 2390 primo
750 2320 891 2365 romano
902 2320 998 2366 more
1011 2298 1046 2365 in
1061 2296 1170 2367 Gallia
1185 2305 1395 2372 communita

312 2417 407 2490 sunt,
425 2403 603 2497 quicquam
626 2426 645 2471 a
668 2400 829 2471 militibus
847 2416 897 2471 est
917 2403 1097 2493 omissum,
1114 2408 1268 2499 quamvis
1285 2409 1394 2504 impa-

312 2510 508 2578 tientissima
529 2534 609 2603 gens
632 2507 787 2606 laborum
810 2510 868 2598 sit,
890 2525 949 2578 aut
969 2535 990 2580 a
1012 2510 1097 2582 duce
1119 2515 1154 2582 in
1176 2514 1393 2590 conciliandis

312 2613 459 2710 reliquis,
478 2630 516 2684 ut
538 2617 755 2710 promiserat,
773 2616 933 2705 urbibus,
947 2616 1016 2687 ulla
1032 2619 1067 2686 in
1084 2635 1187 2713 ‚parte
1212 2637 1392 2695 cessatum.

311 2723 493 2817 Cogitabat
516 2724 743 2816 aestuabatque
765 2724 894 2812 animo,
916 2723 1033 2793 diebus
1056 2748 1095 2795 ac
1117 2727 1274 2798 noctibus
1297 2728 1393 2801 labo-

230 2821 236 2843 '
311 2830 423 2917 rabat,
446 2827 645 2898 sollicitabat
673 2830 860 2918 universas,
883 2830 926 2898 ad
947 2855 1000 2900 res
1021 2855 1126 2900 novas
1150 2858 1286 2904 omnem
1309 2837 1393 2908 Gal·

311 2934 388 3004 liam
414 2936 604 3023 excitabat3
632 2936 732 3029 inque
758 2936 824 3005 boc
850 2962 954 3031 opus,
975 2961 1059 3030 quos
1082 2940 1252 3029 mitteret,
1278 2945 1393 3034 viros,

311 3040 471 3135 elegerat,
493 3043 550 3134 qui
575 3040 629 3109 vel
651 3044 723 3110 noti
745 3042 780 3109 in
802 3042 933 3136 populis
955 3045 1165 3138 acceptique,
1190 3046 1244 3116 vel
1266 3048 1393 3122 blanda

311 3148 462 3216 oratione
480 3160 580 3240 atque
602 3149 758 3242 ingenio,
779 3147 832 3215 vel
856 3149 1047 3243 principum
1071 3150 1295 3224 familiaritate
1316 3146 1392 3252 pol·

310 3253 415 3323 lentes
434 3277 473 3323 ae
490 3255 613 3348 gratia,
636 3252 746 3322 idonei
768 3255 829 3322 visi
852 3271 967 3344 erant;
988 3279 1046 3324 eos
1068 3283 1148 3327 vero
1167 3264 1224 3354 qui
1245 3260 1289 3331 ad
1310 3289 1392 3334 eum

311 3360 474 3430 seminudi
494 3374 529 3427 et
552 3361 695 3430 inermes
716 3375 816 3454 capto
836 3361 961 3456 oppido
978 3363 1216 3458 confugerant,
1238 3371 1391 3443 vestibus

310 3483 412 3562 atque
440 3469 540 3534 armis
571 3468 744 3554 instruxit,
762 3469 872 3560 ‘inque
898 3469 1039 3562 gradum
1064 3470 1189 3542 militiae
1209 3476 1390 3568 pristinum

309 3575 461 3643 restituit.
480 3573 532 3642 Ad
547 3573 634 3660 baec,
650 3573 787 3642 diversis
805 3597 846 3641 ex
864 3575 1022 3664 urbibus,
1049 3581 1236 3672 sagittarios
1255 3597 1292 3651 et
1316 3610 1390 3654 om-

309 3682 361 3749 nis
383 3681 513 3774 generis
544 3681 710 3748 contraxit
742 3678 883 3769 auxilia,
908 3683 1030 3776 quibus
1057 3700 1235 3781 acceptum
1253 3691 1391 3763 Avarici

310 3787 550 3884 detrimeqtum
564 3785 784 3879 suppleretur.
797 3787 946 3857 Accessit
959 3788 1153 3863 Ollovicinis
1164 3793 1250 3864 filius
1258 3849 1268 3884 ,
1276 3796 1390 3868 Theu-

312 3908 475 3981 tomatus,
494 3892 710 3986 Nitobrigum
728 3917 805 3982 rex,
822 3895 917 3988 cujus
930 3910 1062 3990 patrem
1077 3923 1236 3970 romanus
1254 3919 1390 3976 senatus

313 4001 457 4068 amicum
475 3997 723 4093 appellaverat:
747 3999 806 4069 sed
825 4015 863 4068 ut
883 4027 970 4096 saepe
991 4002 1066 4091 filii,
1086 4004 1251 4078 derelictis
1268 4035 1391 4104 paren·

314 4119 386 4174 tum
416 4106 557 4194 semitis,
588 4131 693 4177 novas
724 4122 895 4202 quaemnt;
914 4111 978 4178 iste
1004 4126 1124 4194 contra
1140 4116 1320 4203 ¹Romanos
1349 4119 1391 4190 ad
