3000 5025
289 474 961 555 nnmrutumrcrasuars.
1102 477 1173 579 157
1280 455 1283 463 ’

119 610 153 677 ad
165 610 392 703 impunitatem
411 606 531 695 modo,
546 607 659 680 sadud
672 610 830 703 gratiam,
849 612 896 677 ita
915 624 955 678 ut
968 634 1075 704 quum
1085 666 1095 700 ,
1105 615 1177 707 jam

117 716 286 811 digressus,
307 714 432 809 legatos
455 738 573 783 eorum
589 718 785 809 recepisset,
804 739 904 809 opem
927 732 1101 810 poscentes
1119 720 1177 789 ad·⁴

35 868 37 919 3
117 846 218 891 versus
234 826 417 909 Carnutes,
430 823 544 914 quieos
562 820 681 915 praeliis
696 820 863 891 lacessisse
882 822 1095 914 dicebantur,
1109 852 1178 895 non

35 926 37 1031 ζ
118 942 232 998 tantum
256 929 384 997 miserit
396 926 639 1015 auxilium,sed
648 927 895 1022 tulerit,eoque
911 953 988 998 curn
1003 932 1178 1025 copiarum
1212 948 1215 953 '

35 1048 37 1093 ῑ
116 1050 197 1128 parte
218 1037 403 1130 perrexerit
427 1060 434 1101 :
463 1059 528 1127 qua
558 1034 663 1103 ditata
689 1034 808 1130 praedis
832 1036 1039 1130 ingentibus,
1073 1064 1177 1133 quum

117 1143 268 1211 Carnutes
289 1138 524 1211 difficultatum
545 1141 588 1209 ad
609 1156 758 1215 extrema
778 1142 975 1236 redegisset,
996 1166 1059 1235 pro
1083 1160 1179 1237 parte

117 1251 184 1317 anni
204 1249 346 1319 adversa
367 1250 445 1317 satis
466 1262 579 1317 actum
597 1263 709 1337 ratus,
728 1249 877 1317 hostium
895 1248 1085 1319 distraxisse
1099 1276 1178 1322 con·

117 1370 240 1443 renuis,
259 1380 303 1423 ne
322 1354 401 1450 quid
421 1380 462 1425 ex
478 1353 608 1423 hiberni
624 1354 756 1425 concilii
773 1354 953 1425 seminibus
968 1354 1093 1428 bellum
1104 1381 1178 1451 gra·

120 1464 182 1531 tius
203 1487 284 1531 vere
304 1476 516 1547 nasceretur,
538 1462 705 1533 abscessit.

136 1646 140 1655 ,
160 1572 249 1639 Dum
273 1594 352 1640 ecce
374 1570 582 1641 Rbemorum
601 1567 721 1665 legatio
743 1571 968 1663 querentium,
984 1569 1178 1641 Bellovacos

116 1674 190 1745 inter
204 1701 324 1747 omnes
343 1674 457 1747 Gallos
472 1674 559 1747 bello
580 1673 706 1763 claros,
717 1678 900 1745 exercitum
919 1692 1180 1772 comparare,ut

35 1774 37 1799 ³
117 1784 415 1861 Suessionemsuani
425 1784 543 1854 urbem
556 1784 767 1868 invaderent3
786 1783 888 1854 duces
903 1794 974 1853 esse
989 1786 1180 1853 Commium

35 1882 37 1979 ζ
116 1890 471 1979 Atrebatem,amicum
494 1889 662 1984 quondam
685 1892 841 1978 Caesaris,
860 1893 1089 1984 Correumque
1107 1890 1181 1960 Bel·

35 1984 37 2003 '
117 1992 278 2085 lovacum,
299 2000 354 2065 cui
374 2000 517 2067 maxime
535 1998 578 2067 ab
597 1999 754 2070 omnibus
767 1997 1047 2092 pareatur,'quod
1060 1999 1091 2066 ei
1103 2012 1182 2067 ante

118 2128 221 2175 omnes
242 2126 421 2175 romanum
445 2128 567 2173 nomen
589 2104 666 2175 odio
686 2119 774 2175 esset
794 2106 930 2198 ingenti.
946 2106 1025 2174 Non
1046 2106 1182 2173 censuit
1291 2191 1294 2197 Ι

35 2260 37 2265 ,
118 2212 219 2281 Cesar
237 2211 416 2305 expediens
434 2235 542 2307 neque
563 2211 742 2281 honestum
765 2213 873 2281 socios
887 2211 977 2284 'bene
996 2213 1133 2282 meritos
1146 2211 1182 2279 in

118 2330 200 2387 tanta
222 2320 419 2389 necessitate
450 2318 634 2389 deserere:
668 2321 798 2411 itaque,
830 2318 939 2388 bieme
968 2318 1097 2405 media,
1119 2341 1182 2385 uec

118 2424 170 2493 sibi
189 2450 349 2521 parcens,
377 2449 439 2493 nec
467 2424 639 2514 militibus,
666 2450 744 2493 cum
767 2438 910 2520 quatuor
931 2422 1116 2519 legionibus
1141 2449 1183 2493 eo

118 2533 297 2624 profectus,
326 2534 442 2626 positis
464 2534 597 2619 castris,
618 2533 829 2628 cognitisque
849 2531 996 2600 hostium
1017 2528 1183 2618 consiliis,

35 2701 37 2720 ,
121 2642 275 2734 comperit
289 2637 419 2710 nullum
431 2638 500 2708 fere
519 2653 642 2733 praeter
655 2639 797 2706 rusticos
814 2639 849 2705 in
864 2637 1009 2707 aedificiis
1027 2639 1183 2737 inveniri,
1211 2673 1214 2680 ·

35 2761 37 2802 t
119 2744 314 2842 demigrasse
337 2770 453 2816 omnes
474 2743 667 2815 bellovacos
684 2745 790 2812 armis
809 2743 963 2829 idoneos,
983 2757 1018 2811 et
1038 2767 1116 2811 cum
1137 2745 1184 2815 eis

120 2851 251 2942 aliarum
271 2855 421 2946 quinque
442 2850 585 2948 populos
606 2853 802 2936 civitatum3
823 2848 891 2917 alto
917 2873 986 2917 uuo
1011 2873 1127 2918 ornnes
1149 2851 1184 2918 iu

35 3025 37 3048 ,
120 2956 185 3029 loco
195 2976 230 3030 et
242 2959 421 3055 paludibus
440 2972 534 3053 septo
548 2973 656 3026 castra
667 2971 810 3026 metatos
824 2955 1030 3043 consedisse,
1043 2957 1185 3026 Caesaris

35 3057 37 3118 Ῐ
120 3081 322 3162 expectantes
344 3065 541 3152 adventum,
560 3078 598 3132 ut
623 3065 650 3132 si
673 3089 750 3134 cum
772 3063 897 3151 tribus,
918 3061 1074 3132 nt'.fama
1095 3077 1184 3150 erat,

121 3171 298 3268 legionibus
320 3174 466 3260 veniret,
493 3171 608 3266 praelio
630 3170 865 3254 decernerent,
891 3171 919 3238 si
946 3182 1024 3238 cnm
1052 3168 1185 3256 multis,

35 3365 36 3376 ἵ
122 3277 176 3350 loci
194 3305 229 3349 se
252 3278 448 3351 difficultate
467 3277 702 3366 defenderent,
730 3291 765 3344 et
784 3277 898 3370 inopia
920 3274 1034 3369 pabuli
1055 3299 1094 3342 ac
1115 3275 1185 3344 fru·
1210 3295 1213 3300 ·

35 3437 36 3446 1
122 3389 279 3475 menti‚et
291 3387 472 3481 asperrima
484 3399 578 3480 parte
593 3385 689 3470 anni,
707 3407 782 3477 quae
794 3408 857 3476 pro
874 3383 922 3450 eis
940 3383 1055 3451 omnia
1067 3395 1186 3450 contra

123 3493 280 3564 Cesaram
302 3492 490 3562 militarent.
514 3492 599 3579 Quae
617 3489 674 3559 ille
692 3489 847 3575 audiens,
864 3503 916 3556 sat
929 3502 1060 3556 matura
1075 3502 1109 3556 et
1123 3489 1185 3556 mi-
1247 3500 1249 3506 ’

122 3600 203 3670 nime
225 3600 400 3684 barbarica
421 3597 557 3668 consilia
568 3597 747 3690 judicavit:
760 3597 796 3665 in
812 3595 847 3662 id
865 3595 1008 3662 maxime
1022 3596 1185 3682 intentus,

35 3731 36 3734 ¹
124 3719 158 3772 ut
177 3732 293 3776 manus
311 3708 441 3794 bosteS,
463 3719 574 3800 spreta
595 3727 732 3772 suorum
751 3703 939 3797 paucitate,
956 3715 1187 3787 consererent,
1208 3741 1212 3747 »

35 3803 36 3806 “
125 3809 222 3884 fidens
243 3837 358 3884 secum
377 3837 502 3907 paucos
521 3810 654 3905 quidem
675 3833 833 3896 numero,
851 3808 910 3877 sed
922 3821 1076 3901 expertos
1094 3805 1188 3876 bellis

127 3936 339 4014 spectataque
368 3921 500 3992 virtutis
526 3920 616 3986 viros
646 3941 735 4002 esse,
767 3941 851 4012 quos
883 3912 974 3992 nulla
1008 3912 1188 3993 multitudo

126 4023 262 4098 hostium
273 4082 283 4115 ,
296 4025 386 4098 nulla
399 4029 450 4094 vis
461 4026 642 4119 frangeret:
655 4027 790 4117 Itaque,
808 4022 999 4090 convocatis
1011 4019 1188 4107 militibus,
1207 4058 1210 4064 ·

35 4143 37 4228 j
128 4147 156 4202 et
169 4135 340 4228 'patefacto
357 4133 503 4234 hostiurn
526 4128 681 4217 consilio,
698 4130 852 4203 hortatur
874 4141 1074 4216 suumne}
1086 4148 1188 4201 more
