3000 5025
310 418 380 517 '152
516 446 544 513 J.
574 399 731 512 uiusl
759 437 1153 510 uonnuursnn

296 584 416 677 possit
431 577 591 671 intelligi,
609 598 655 645 ecc
674 580 754 671 ipsa
764 596 983 643 romanorum
1003 572 1232 668 trepidatione
1245 590 1383 642 castro·

303 710 378 755 rum
389 709 497 781 posse
507 680 694 779 perpendi,
719 687 782 775 qni
804 696 970 749 nontam
997 685 1104 748 anxie
1131 678 1188 747 dte
1209 694 1385 774 noctuque

304 791 463 888 operibus
474 788 719 873 incumberent,
734 793 804 856 nisi
816 793 888 856 eim
901 787 1049 855 tosmm
1063 784 1186 854 adesse
1203 791 1381 855 sentirent.

303 902 442 970 Horum
470 920 553 990 ergo
584 900 829 965 sententiarum
860 894 975 961 attera
1006 892 1229 987 reprehenso,
1265 894 1385 961 altera

304 1004 454 1073 larsdma
471 1002 606 1095 quedem
630 1008 666 1070 in
681 1016 807 1097 porte,
828 999 894 1067 sed
910 997 1040 1092 rejecta
1056 1024 1068 1065 .·
1086 1005 1159 1092 ipse
1175 1005 1384 1067 sententiam

246 1194 247 1197 Ἴ
304 1134 404 1179 sunm
420 1108 514 1195 dicit,
522 1124 562 1177 nt
573 1107 773 1201 corporibns
785 1128 917 1190 eorum,
931 1109 994 1197 qui
1002 1104 1138 1173 inutiles
1151 1103 1239 1173 bello
1249 1120 1382 1192 essent,

245 1198 250 1208 ,
304 1222 375 1285 viri
382 1216 505 1307 fortes
525 1220 637 1283 eitam
661 1209 1042 1296 sustentarent,.donec
1054 1217 1229 1310 praeventi
1249 1212 1386 1280 martiro

296 1321 510 1414 piscarentur.
530 1319 660 1413 quue,
681 1319 870 1410 etfnttnm
889 1316 1008 1386 docuit
1030 1317 1119 1385 bello
1144 1319 1254 1385 altero
1283 1320 1388 1412 btnge

305 1434 446 1523 impari,
476 1452 545 1521 qno
567 1425 695 1501 Cimbri
717 1426 850 1495 scilicet
876 1423 1015 1494 Gnlb'as
1041 1439 1124 1491 ante
1147 1440 1383 1511 necaverant,

306 1550 343 1606 ct
364 1558 511 1607 ¹nnrrceo
525 1538 722 1628 promptius
722 1530 934 1622 faciendum
953 1553 1042 1616 esse,
1061 1554 1131 1623 quo
1150 1530 1280 1602 Cimbri
1296 1547 1387 1599 tran

306 1657 458 1730 seuntes,
467 1640 647 1735 praedam,
661 1662 732 1707 non
746 1637 858 1720 obieri,
871 1636 1091 1731 quoerebantr
1105 1640 1258 1706 Romani
1269 1652 1386 1706 autem

307 1747 535 1837 confidentes,
557 1752 737 1841 imperinm
745 1760 929 1839 quarunt:
946 1743 1049 1837 itique
1060 1765 1107 1811 etc
1104 1743 1274 1833 finitimis
1278 1767 1389 1841 posse

308 1860 485 1947 cognosci,
516 1860 578 1947 qni
599 1858 686 1923 victi
709 1850 757 1919 nb
782 1857 848 1936 eis,
868 1854 1007 1918 amissis
1028 1851 1161 1944 legibus
1175 1857 1326 1946 patriis,
1355 1864 1391 1917 et

301 1960 445 2056 perdita
462 1960 637 2043 libertate,
659 1957 874 2051 ,gravi'jugo
893 1962 1012 2050 pressi
1032 1956 1097 2025 snb
1117 1958 1309 2026 immortali
1319 1980 1388 2024 ser·

306 2071 393 2135 vitro
405 2072 516 2139 citam
527 2080 645 2159 agunt.
659 2066 694 2133 E
695 2078 712 2131 t
724 2068 758 2131 si
759 2063 907 2154 foetum
924 2086 994 2131 non
994 2060 1146 2155 ficisset,
1162 2080 1254 2132 esset
1270 2079 1387 2133 tamen

253 2238 254 2241 ,
301 2172 529 2263 faciendum
547 2170 645 2265 qnod
657 2171 821 2264 exempla
844 2174 981 2239 nimus
1007 2184 1048 2237 ut
1071 2195 1097 2238 n
1123 2169 1316 2261 anorrbns
1335 2188 1387 2238 nc

309 2278 486 2375 enitendo,
498 2283 549 2346 sic
553 2282 708 2373 posteris
719 2282 790 2345 sim
800 2275 972 2345 troderzdn
979 2325 995 2363 ,
1007 2292 1044 2343 et
1041 2276 1266 2368 fortitudinis
1280 2298 1388 2372 opero

307 2391 392 2455 viris
406 2384 567 2474 fortibus
586 2382 801 2468 inchoando,
823 2385 929 2451 multo
946 2388 1060 2477 magis
1072 2389 1185 2478 agitio
1205 2383 1386 2452 imitanda.

309 2494 390 2561 Hoec
414 2493 578 2562 sententia
599 2490 787 2583 Critognati
808 2488 887 2577 fuit,
909 2488 1005 2560 ferox
1033 2490 1185 2584 quidem,
1205 2504 1239 2558 et
1268 2489 1387 2560 ferocis

309 2597 409 2667 index
430 2599 549 2686 animi,
571 2612 670 2691 atque
696 2596 771 2665 ideo
793 2621 836 2664 ne
858 2611 993 2692 recepta
1018 2597 1167 2690 quidem,
1195 2596 1253 2665 sed
1287 2585 1389 2666 dilate

310 2705 345 2774 in
366 2718 497 2798 ternpus
518 2703 641 2782 ultimae
655 2705 880 2775 necessitatis:
896 2703 1006 2773 adhuc
1025 2706 1114 2772 enim
1129 2728 1191 2798 per
1207 2697 1388 2798 utrumque

310 2810 486 2880 esuriendo
501 2810 626 2880 scilicet
643 2824 677 2879 et
692 2810 861 2905 parcendo
873 2809 998 2905 aliquot
1011 2810 1225 2880 diebusvinci
1236 2824 1386 2904 poterat:

310 2915 664 3009 deliberatum-tamen
681 2919 715 2986 iu
735 2942 899 3012 praesens,
922 2931 961 2986 ut
986 2919 1091 3013 inepti
1117 2917 1159 2986 ad
1184 2915 1311 2986 bellum
1336 2913 1386 2984 vel

262 3059 264 3066 π
311 3047 407 3110 sexu,
423 3022 476 3092 vel
501 3023 781 3111 valetudine,'vel
805 3038 900 3092 etate
924 3022 1107 3118 pellantur3
1128 3022 1217 3119 pulsi
1234 3023 1386 3118 inprimis

270 3171 272 3192 ,
313 3128 508 3216 Mandubii,
528 3152 671 3221 quorum
690 3144 763 3200 erat
782 3130 958 3226 oppidum,
981 3131 1176 3224 quiqueheos
1197 3132 1308 3198 amice
1323 3130 1386 3199 suis

310 3237 415 3306 muris
437 3225 654 3328 exceperant:
671 3237 910 3305 documentum
925 3236 1080 3324 evidens,
1094 3262 1137 3305 ne
1155 3238 1228 3330 quis
1241 3251 1388 3305 matos

311 3341 460 3436 hospites
478 3343 567 3410 intra
587 3367 684 3412 suum
710 3340 811 3410 limen
834 3356 953 3436 sponte
977 3345 1133 3438 recipiat3
1155 3341 1280 3412 cedunt
1301 3344 1386 3412 enim

307 3445 385 3542 juia
403 3450 512 3518 armis.
533 3451 577 3518 Hi
592 3473 672 3518 vero
692 3472 769 3516 cum
781 3448 999 3543 conjugibus,
1016 3473 1056 3518 ac
1076 3453 1183 3537 natis,
1200 3463 1235 3518 et
1256 3449 1387 3518 annosis

312 3555 505 3648 parentibus
527 3580 588 3650 per
611 3579 687 3624 suos
703 3551 789 3647 pulsi
807 3556 931 3648 patria,
947 3555 1028 3626 dum
1046 3555 1090 3625 ad
1115 3579 1269 3632 romanas
1285 3569 1388 3625 custo

312 3660 382 3730 dias
403 3663 588 3749 venissent,
609 3662 734 3755 gemitu
764 3674 864 3754 atque
893 3657 1178 3750 obsecrationibus
1200 3664 1327 3732 instant
1355 3662 1386 3727 in

313 3769 505 3838 servitutem
524 3769 646 3860 recipi,
660 3767 735 3836 cibo
754 3766 846 3845 refici
858 3757 869 3835 τ’
884 3783 985 3863 negat
997 3771 1130 3857 Cesar,
1143 3791 1283 3862 eosque,
1301 3764 1386 3837 unde

312 3890 491 3962 venerant,
512 3898 592 3950 mox
612 3875 734 3956 reverti
758 3867 864 3966 jubet.
889 3876 981 3972 Dum
1005 3873 1085 3944 talia
1112 3875 1237 3945 obsessi
1262 3887 1385 3970 agunt,

312 3995 484 4076 expectata
506 3978 644 4058 aderaut
672 3978 794 4049 auxilia
816 4007 823 4048 ε
854 4006 928 4075 quae
958 3983 1094 4069 castris,
1119 3983 1216 4075 juxta
1249 3999 1386 4050 romana

309 4100 437 4176 castra,
456 4078 637 4184 dispositis,
653 4087 707 4158 die
727 4089 880 4183 proximo
900 4109 1037 4160 omnem
1058 4113 1132 4183 quae
1148 4102 1228 4159 ante
1245 4087 1383 4159 Alesiam
