3000 5025
347 452 423 539 448
593 499 596 506 ·
647 451 1122 524 C.JUL11CAESARIS

343 585 455 678 φθάρη.
474 583 515 650 Οἱ
534 575 564 648 δ’
583 582 671 652 άλλοι
684 585 772 677 μολις
791 586 844 675 μὲν
857 587 912 662 ἕως
925 595 981 662 τῆς
993 584 1102 662 νυκτὸς
1115 585 1171 656 τὴν
1186 594 1247 650 τῶν
1260 584 1395 674 πολεμίων

343 691 515 783 ὑπέμειναν·
535 691 643 768 νυκτὸς
662 683 698 757 δὲ
722 691 823 768 πάσκς
843 689 996 783 σωτηρίας
1016 691 1223 784 άπογνύντες,
1239 693 1396 781 σύμπαντες

343 802 421 890 σφοῖς
441 797 551 873 αύτούς
571 796 825 891 κατειργάσαντο·
838 796 936 890 ὀλίγοι
954 788 990 862 δὲ
1004 799 1038 862 ἐκ
1050 806 1107 874 τῆς
1127 795 1230 887 μάχης
1248 787 1398 889 διαφυγόν·

342 928 416 986 τες,
436 904 511 995 πρὸς
529 903 583 970 τὸν
603 896 756 975 Λαύιηνδν
781 893 835 968 διὰ
858 909 962 970 ναπῶν
982 902 1035 968 καὶ
1058 894 1184 976 άδηλων
1205 892 1284 969 ὁδῶν
1303 894 1399 968 διεσύ-
1466 971 1470 978 ,

343 1009 453 1092 θησαν,
468 1010 520 1075 καὶ
535 1013 620 1095 αὐτῷ
635 1006 677 1077 τὰ
699 1008 899 1103 πεπραγμένα
917 1009 1116 1102 ἀπήγγειλαν.

394 1117 587 1183 XXXVIII.
607 1117 716 1207 Ταύτῃ
744 1106 780 1180 δὲ
801 1112 939 1207 ἐπαρθεὶς
960 1125 1002 1207 τῇ
1024 1114 1091 1207 νίκη
1106 1119 1123 1180 ὁ
1137 1103 1312 1206 Ᾱμύίορυξ,
1324 1115 1397 1192 εὐθὺς
1469 1110 1470 1163 Ῐ

341 1221 395 1287 σὺν
406 1231 445 1315 τῇ
454 1223 540 1306 ἵππῳ
552 1222 607 1294 τὴν
617 1216 742 1300 πεζικὴν
757 1212 885 1313 δύναμιν
902 1219 1063 1310 ἐφέπεσθαι
1075 1224 1177 1308 ἑαυτῷ
1188 1221 1397 1314 παραγγεῶας,

342 1329 417 1419 πρὸς
428 1329 500 1404 τοὺς
511 1337 568 1404 τῆς
582 1331 694 1394 ἑαυτοῦ
707 1329 809 1418 χώρας
823 1329 1019 1418 προσχώρους
1030 1315 1245 1410 Ᾰδύατικοὺς,
1255 1330 1322 1392 ούτε
1332 1329 1397 1417 ἠμί·

341 1458 409 1525 ρας,
422 1435 492 1500 ούτε
510 1434 620 1510 νυκτὸς
639 1431 701 1506 τὴν
715 1431 837 1526 πορείαν
853 1424 1034 1514 διαλείπων,
1050 1433 1159 1525 άπῇρε·
1174 1434 1213 1500 τὸ
1231 1425 1404 1526 δὲπρᾶγμα·

341 1545 381 1617 ὡς
401 1541 519 1633 ἐγένετο
543 1531 685 1617 δηλώσας
704 1543 824 1622 αὐτοῖς,
842 1539 894 1606 καὶ
912 1538 988 1632 πρὸς
1000 1539 1055 1605 τὸν
1074 1536 1159 1605 κατὰ
1177 1547 1239 1605 τῶν
1259 1525 1393 1630 Ῥωμαίων
1469 1534 1470 1607 J

338 1646 472 1737 πολεμον
491 1649 706 1738 παρορμήσας,
721 1645 854 1712 ἐντεῦθεν
870 1654 910 1737 τῇ
924 1645 1054 1738 ύςεραίᾳ
1067 1647 1142 1738 πρὸς
1162 1647 1234 1723 τοὺς
1247 1645 1394 1738 Νερουίσυς

338 1753 532 1846 παρεγένετο·
549 1755 664 1830 αὐτούς
690 1777 739 1834 τε,
756 1753 798 1844 μὴ
818 1762 874 1818 τοῦ
893 1777 927 1816 τε
946 1751 986 1829 είς
1013 1752 1067 1818 τὸν
1092 1749 1139 1817 άεὶ
1168 1753 1277 1818 ἔπειτα
1299 1752 1393 1844 χρόνον

338 1858 464 1936 ἑαυτοὺς
483 1857 692 1951 ἐλευθερῶσαι,
713 1858 766 1944 κριὶ
784 1859 854 1934 τοὺς
872 1841 1052 1949 Ῥωμαίους,
1071 1856 1135 1922 ἀνθ’
1154 1855 1194 1923 ὧν
1216 1860 1269 1924 ὑπ’
1290 1856 1392 1924 ἐκείνων

338 1963 434 2031 παλαι
459 1959 662 2054 ύύρίσθησαν,
683 1963 880 2057 τιμωρεῖσθαι
905 1965 960 2036 τὴν
988 1963 1153 2054 εύκαίρειαν
1182 1959 1393 2043 άπούάλλοιεν,

336 2071 478 2163 παρῄνει,
496 2061 551 2136 δύο
571 2071 624 2162 μὲν
644 2077 705 2137 τῶν
724 2056 874 2162 Ρωμαίων
893 2071 1129 2163 ύποςρατηγοὺς
1150 2070 1338 2160 φονευθῆναι,
1351 2068 1394 2134 καὶ

337 2178 375 2243 τὸ
394 2181 518 2254 πλεῒςον
541 2187 597 2253 τῆς
626 2185 682 2243 τὀῶ
704 2176 861 2270 Καίσαρος
883 2181 1014 2269 ςρατιάς
1039 2178 1107 2268 μετ’
1129 2179 1248 2243 ἐκεῖνων
1274 2200 1391 2242 κατακε·

335 2281 445 2372 κύφθαι
463 2282 597 2372 φάσκιον·
611 2293 661 2348 νῶν
684 2275 718 2350 δὲ
741 2293 798 2349 τοῦ
816 2284 854 2348 τὸ
873 2280 955 2373 μετὰ
972 2291 1028 2349 τοῦ
1043 2275 1215 2374 Κικέρωνος
1236 2282 1355 2376 τάγμα,
1366 2274 1393 2357 ἐξ

334 2380 570 2479 ἀπροσδοκήτου
607 2393 691 2476 αὐτῷ
722 2383 973 2480 προσύαλύντας,
1001 2379 1180 2481 διαφθείρειν
1215 2391 1323 2483 ἔργον,
1346 2390 1392 2453 οὐκ

334 2490 408 2562 εἶναι
428 2485 595 2562 διδάσκων·
619 2495 659 2574 εἰς
687 2493 704 2563 ὃ
729 2490 888 2570 ύοηθύσειν
915 2499 1018 2573 αὐτοῖς
1044 2494 1204 2585 ὑφίςαται·
1227 2497 1344 2573 τούτοις
1363 2484 1391 2560 δὲ

335 2593 446 2695 ῥᾳδίως
469 2596 533 2679 τοῖς
549 2613 606 2669 τοῦ
626 2594 819 2697 Ᾰμύιύρυγος
838 2603 941 2695 λύγοις
964 2602 994 2668 οἱ
1014 2603 1155 2693 Νερούιοι
1178 2601 1389 2669 ἀναπείθοντα.

386 2711 541 2781 XXXIX.
561 2709 625 2775 Καὶ
643 2711 718 2801 πρὸς
740 2711 812 2787 τοὺς
832 2710 1021 2800 Κεντρύνας,
1043 2708 1095 2775 καὶ
1116 2708 1189 2786 τοὺς
1216 2700 1390 2801 Γρουδίους,

331 2814 472 2893 καὶτοὺς
494 2814 670 2897 Λευάκους,
692 2816 743 2883 καὶ
763 2817 835 2891 τοὺς
854 2815 1084 2906 Πλευμοσίους,
1102 2814 1154 2881 καὶ
1176 2816 1249 2893 τοὺς
1269 2804 1388 2908 Γορδύν·

331 2947 417 3003 νους,
432 2925 482 3014 ὑφ’
501 2926 618 2987 ἑαυτῶν
635 2920 757 2998 πάντας
774 2922 882 3002 ὄντας,
896 2910 1163 3013 διαπεμψάμενοι,
1176 2927 1217 2999 ὡς
1241 2912 1389 3001 δύναντα,

278 3096 281 3101 ,
330 3027 458 3105 πλείςας
482 3020 706 3120 συναθροίζουσι
725 3019 884 3119 δυνάμεις,
901 3029 953 3093 καὶ
980 3021 1014 3105 ἐξ
1038 3018 1277 3119 ἀπροσδοκήτου
1299 3025 1388 3100 ίπὶτθ

331 3144 386 3201 τοῦ
414 3136 583 3224 Κικέρωνος
618 3124 828 3225 ςρατύπεδον,
853 3134 939 3200 ούπω
968 3123 1200 3227 διαγγελθέντος
1232 3138 1318 3222 αὐτῷ
1343 3140 1389 3199 τού
1467 3119 1468 3182 ῗ

330 3239 491 3334 Τιτουρίου
511 3238 642 3323 πάθους,
657 3246 782 3333 ὁρμῶσι·
802 3238 854 3307 καὶ
867 3236 953 3315 τινὰς
967 3249 1023 3306 τοῦ
1036 3242 1208 3332 Κικέρωνος
1226 3239 1389 3332 ςράτιύτας

330 3346 379 3415 ε’πὶ
400 3350 473 3420 ύλην
492 3358 547 3413 τοῦ
569 3348 607 3413 τὸ
629 3337 825 3439 ςρατύπεδον
847 3348 1004 3438 κρατύνειν
1025 3348 1114 3415 ἕνεκα
1133 3347 1388 3437 προεληλύθύτας,

327 3440 388 3521 Ιύττθ
411 3464 467 3530 τῆς
497 3461 559 3520 τῶν
582 3452 735 3544 πολεμίων
763 3454 860 3519 ἵππου
888 3451 1018 3519 ἐνταῦθα
1045 3446 1154 3524 συνίύη
1181 3452 1386 3543 συλληφθῆναι·

330 3560 363 3629 οὖ
382 3559 575 3644 ποιηθέντος,
587 3565 687 3651 πολλῇ
706 3561 822 3650 ςρατιᾷ
840 3559 870 3625 οί
882 3583 917 3625 τι
929 3560 1087 3650 Νερούιοι,
1100 3558 1152 3627 καὶ
1165 3558 1194 3623 οἱ
1213 3545 1386 3652 Εύουρύνες,

328 3667 379 3735 καὶ
402 3666 431 3734 οἱ
459 3655 650 3745 Ᾱδύατικοὶ,
672 3664 723 3731 καὶ
749 3662 863 3741 πάντες
885 3664 914 3730 οἱ
935 3660 1024 3731 άλλοι
1044 3668 1146 3748 αὐτῶν
1168 3667 1326 3757 σύμμαχοι
1350 3673 1386 3748 τῷ

328 3775 477 3866 Κικέρωνι
491 3766 709 3864 προσέύαλλον·
732 3770 761 3836 οἱ
782 3761 818 3835 δὲ
838 3755 975 3861 Ρωμαῖοι
989 3770 1072 3849 εὐθὺς
1091 3769 1141 3837 ἐπὶ
1154 3769 1197 3838 τὰ
1214 3774 1297 3838 ὅπλα
1309 3762 1385 3863 ἔδρα·

328 3906 400 3973 μον,
423 3877 475 3945 καὶ
493 3886 549 3961 τοῦ
582 3879 731 3970 ἐρύματος
758 3871 922 3949 ἐπέύησαν·
949 3877 1037 3969 μόλις
1067 3868 1098 3941 δ’
1117 3879 1199 3969 ὅμως
1231 3889 1271 3971 τῇ
1298 3878 1383 3968 ἡμέρα

327 3989 427 4081 ταύτῃ
457 3986 629 4077 ὑπέμειναν·
654 3984 682 4050 οἱ
707 3984 760 4075 μὲν
787 3980 845 4077 γὰρ
872 3984 1013 4075 πολέμιοι
1031 3987 1134 4052 πᾶσαν
1161 3974 1273 4051 ἐλπίδα
1297 3985 1380 4069 ἐντῇ

328 4096 483 4183 παχύτητι
501 4094 687 4173 ’ἐποιοῦντο,
709 4092 827 4163 ταύτην
849 4091 907 4165 τὴν
931 4088 1064 4163 νίκην·εί
1088 4092 1258 4171 νικήσειαν,
1278 4078 1316 4165 είς
1335 4086 1376 4150 τὸν
1465 4115 1466 4170 3
