3000 5025
388 470 426 541 C.
454 468 649 541 JULIUS
682 470 874 541 CAESAR.
1097 472 1167 548 301

112 604 224 673 τύπτειν
242 604 299 678 τὴν
314 601 401 699 μῆν’·
417 604 481 673 ἐπεὶ
493 611 709 701 μεγαληγορῶν
724 633 801 674 ποτε
819 608 894 701 πρὸς
908 609 965 679 τὴν
984 610 1173 705 σύγκλητον,

110 702 184 779 οὐδὲν
204 709 252 778 εἴα
269 717 553 805 πολυπραγμονεῖν,
570 704 642 780 οὐδὲ
656 707 824 806 φροντίζειν
837 712 965 793 ἐκείνους
984 726 1040 793 τῆς
1055 717 1106 785 ἐπὶ
1118 719 1173 785 τὸν

109 816 458 912 πύλεμονπαρασκευῆς·
476 816 568 899 αὐτὸς
590 818 667 914 γὰρ,
692 822 763 887 ὅποι
787 816 822 886 διν
851 816 919 914 ἐπίγ
933 817 961 902 ²,
980 811 1125 915 κρούσας
1134 826 1173 891 τὸ

107 916 207 1015 ἔδαφος
239 932 286 1011 τῷ
311 916 411 1008 ποδὶ,
433 925 656 1018 ςρατευμοίτων
680 922 844 1018 ἐμπλήσειν
875 929 932 1000 τὴν
956 911 1093 995 Ῑταλίαν.
1124 931 1172 995 Οὐ

19 1092 21 1107 ,
107 1032 155 1122 μὴν
177 1028 261 1097 m&
285 1030 337 1098 καὶ
356 1032 431 1098 τότε
449 1032 558 1105 πλήθει
581 1023 738 1125 δυνάμεως
763 1026 946 1126 ὑπερέύαλεν
974 1038 990 1099 ὁ
1011 1035 1174 1126 Πομπηίας
1226 1094 1233 1108 ,

106 1140 153 1211 τὴν
169 1136 337 1231 Καίσαρος·
353 1138 433 1205 εἴασε
450 1128 481 1202 δ’
494 1130 593 1217 οὐδεὶς
608 1140 663 1206 τὸν
681 1129 779 1231 ἄνδρα
794 1139 966 1231 χρησασθαι
980 1146 1045 1217 τοῖς
1063 1130 1175 1207 ἐαυτοῖ

105 1248 267 1338 λογισμοῖς,
282 1245 351 1311 ἀλλ’
365 1246 417 1313 ὑπ’
431 1243 634 1338 ἀγγελμάτων
649 1250 772 1312 πολλῶν
787 1244 838 1313 καὶ
855 1236 975 1335 ψευδῶν
987 1244 1039 1312 καὶ
1054 1240 1176 1337 φόύων,

19 1406 22 1419 .
106 1352 307 1441 ὡςέφεςῶτος
325 1341 387 1425 ἤδη
411 1360 469 1417 τοῦ
485 1350 648 1443 πολεμίου,
662 1350 714 1419 καὶ
735 1351 842 1419 πάντα
867 1354 1074 1444 κατέχοντος,
1094 1346 1175 1432 εἴξας

106 1450 330 1549 συνεξεκρούσθη
349 1466 390 1550 τῇ
405 1456 530 1523 πάντων
547 1462 642 1551 φορᾷ,
665 1456 716 1525 καὶ
728 1453 908 1556 ψηφίζεται·
918 1462 1056 1552 ταραχὴν
1083 1463 1176 1553 ὀροῖν,

106 1561 149 1629 καὶ
168 1566 225 1637 τὴν
256 1566 345 1630 πολιν
369 1557 502 1647 ἐξελιπε,
520 1566 663 1642 κελεύσας
693 1563 817 1631 ἕπεσθαι
843 1566 901 1638 τὴν
925 1564 1107 1659 γερουσίαν,
1124 1565 1177 1633 καὶ

105 1660 216 1761 μηδένα
236 1670 334 1761 μένειν
352 1677 414 1736 τῶν
436 1672 496 1764 πρὸ
516 1681 572 1749 τῆς
588 1662 768 1765 τυραννίδος
787 1672 943 1764 ᾑρημένων
959 1674 1016 1744 τὴν
1035 1664 1176 1767 πατρίδα

102 1774 149 1844 καὶ
168 1778 225 1850 πδν
245 1775 411 1870 ελευθερίαν
424 1761 447 1843 ³.

111 1900 115 1904 “
152 1884 316 1953 XXXIV.
337 1882 377 1949 Οἱ
392 1883 445 1976 μὲν
464 1880 514 1951 οὖν
532 1886 645 1951 ὕπατοι
668 1875 743 1976 μηδ’
767 1880 897 1975 δινύμος
918 1882 965 1961 ἐςὶ
985 1886 1045 1978 πρὸ
1068 1876 1181 1964 ἐξόδουΙ

103 1990 243 2067 δύσαντες
258 1991 378 2085 ἔφυγον·
393 1992 517 2085 ἔφευγον
533 1982 567 2057 δὲ
581 1989 633 2058 καὶ
646 2000 708 2058 τῶν
724 1985 896 2058 ύουλιυτῶν
911 1990 940 2057 οἱ
951 1997 1090 2075 πλεῖςοι,
1103 1993 1177 2085 τρύ-

104 2123 155 2165 πον
173 2094 246 2165 τινδι
258 2088 305 2164 δι’
321 2098 462 2192 ἁρπαγῆς
480 2097 541 2164 ἀπὸ
556 2105 617 2164 τῶν
634 2087 739 2181 ἰδίων,
758 2101 777 2164 ὅ
793 2122 826 2162 τι
839 2099 980 2189 τύχοιεν,
999 2102 1101 2190 ὥσπερ
1120 2098 1177 2165 α’λ-

102 2203 227 2298 λοτρίων
244 2254 254 2289 ,
273 2198 496 2295 λαμὸαίνοντες.
520 2203 589 2269 Εἰσὶ
615 2194 645 2269 δ’
655 2198 703 2286 οῖ,
732 2202 784 2271 καὶ
807 2194 928 2296 σφόδρα
957 2201 999 2271 τὰ
1021 2204 1177 2297 Καίσαρος

103 2312 243 2405 ᾑρημένοι
259 2311 423 2404 πρότερον,
436 2306 576 2389 ἐξέπεσον
596 2311 655 2378 ὑπὸ
673 2305 809 2403 θοίμύους
829 2309 904 2376 τότε
926 2319 989 2377 τῶν
1003 2317 1178 2407 λογισμῶν,

104 2416 150 2483 καὶ
170 2416 485 2511 συμπαρηνέχθησαν,
506 2408 593 2484 οὐδὲν
612 2406 769 2509 δεόμενοι,
791 2423 838 2503 τῷ
860 2418 987 2509 ῥεύματι
1008 2401 1065 2496 τῖς
1084 2424 1179 2513 φοραῖς

103 2523 223 2604 ἐκείνης.
248 2523 464 2617 Οῖκπρύτατον
489 2515 524 2590 δὲ
548 2523 647 2616 θέαμα
669 2533 726 2601 τῆς
750 2523 869 2601 πόλεως
887 2521 941 2606 ἦν,
962 2527 1178 2618 ἐπιφερομένου

103 2634 252 2700 τοσούτου
266 2631 434 2723 χειμῶνος,
446 2635 546 2723 ὥσπερ
559 2633 631 2708 νεὼς
645 2631 704 2697 ὑπὸ
718 2624 911 2722 κυύερνητῶν
925 2630 1179 2725 ἀπαγορευόντων

102 2740 174 2832 πρὸς
192 2740 232 2806 τὸ
250 2740 399 2830 συντυχὸν
416 2740 551 2804 ἐκπεσεῖν
571 2730 829 2830 ἀναγκαζομένης.
848 2724 956 2817 Ᾰλλδι,
970 2736 1078 2830 καίπερ
1096 2740 1180 2803 οὕτω

103 2856 155 2924 τῆς
170 2842 374 2939 μεταςαίαεως
388 2843 511 2937 οἰκτραῖς
526 2843 631 2926 ούσης,
644 2845 701 2916 τὴν
724 2841 779 2933 μὲν
793 2843 890 2935 φυγὴν
908 2842 938 2908 οἱ
956 2839 1108 2935 ἄνθρωποι
1122 2869 1181 2910 πα-

103 2945 195 3045 τρίδα
209 2943 264 3017 διὰ
277 2953 439 3043 Πομπηίον
455 2957 602 3044 ἡγοῦντο,
613 2951 670 3022 τὴν
690 2938 725 3014 δὲ
744 2933 874 3040 Ῥώμην,
889 2952 929 3026 ὡς
940 2948 1095 3043 Καίσαρος
1109 2976 1181 3045 ςρα·

103 3049 258 3140 τύπεδον,
273 3051 435 3135 ἐξέλειπον.
450 3037 540 3122 ὅπου
563 3055 615 3122 καὶ
636 3047 807 3137 Λαύιηνὸς,
827 3054 900 3147 ἀνὴρ
921 3057 950 3121 ἐν
974 3064 1038 3134 τοῖς
1061 3057 1180 3150 μέλιςα

103 3164 187 3256 φιλος
206 3162 385 3256 Καίσαρος,
407 3162 459 3230 καὶ
480 3156 668 3255 πρεσύευτης
688 3163 837 3255 γεγονὼς,
854 3161 906 3228 καὶ
925 3165 1182 3256 συνηγωνισμένος

104 3275 131 3344 ἐν
141 3277 221 3339 πᾶσι
232 3269 455 3364 προθυμότατα
472 3275 538 3346 τοῖς
551 3270 712 3345 Κελτικοῖς
726 3269 887 3360 πολέμοις,
900 3268 969 3334 τότ’
980 3271 1089 3336 ἐκεῖνον
1100 3270 1180 3337 ἄπο-

105 3370 124 3446 δ
127 3377 200 3473 ρδις,
217 3379 317 3469 ᾤχετο
330 3377 405 3470 πρὸς
419 3360 611 3468 Πομπύίονί.
624 3362 714 3442 Ᾰλλὰ
728 3375 833 3460 τούτῳ
846 3375 899 3466 μὲν
915 3375 966 3441 καὶ
979 3373 1021 3442 τὰ
1034 3378 1193 3469 χρηματαΙ

107 3601 252 3644 ευειιειιειιε
259 3583 624 3658 postulabant,legivelithic
713 3602 737 3638 r.
753 3585 823 3654 App.
839 3581 874 3636 de
889 3583 960 3636 Beltss
972 3583 1051 3638 civil.
1067 3602 1100 3637 τι.

107 3659 222 3740 ἐφῆκαν,
238 3681 266 3720 et
277 3669 475 3736 κατηγοροῦντα,
487 3683 538 3735 pro
551 3663 622 3733 vulg.
711 3683 736 3716 η.
755 3664 778 3714 Ε
798 3661 874 3716 MSS.
894 3664 1011 3716 restituit
1031 3665 1064 3717 D.
1083 3664 1181 3736 Coray,

108 3751 184 3820 ἀφῆκε
199 3759 228 3801 et
241 3751 453 3816 κατηγαροῦντοιςι
468 3762 548 3816 quam
562 3743 622 3795 lect.
667 3761 718 3814 pro
750 3743 849 3813 vulgat,
881 3744 940 3795 ὅταν
965 3745 1037 3813 ἀπίῃ.
1062 3744 1183 3798 suaserat

108 3828 229 3901 sequitur
237 3821 625 3896 Hutt.;vulgat.veroretinuit
668 3823 757 3876 Reisk.
778 3821 825 3874 sed
846 3841 902 3874 non
926 3820 960 3875 ad
983 3823 1126 3891 cesarem,
1149 3824 1184 3881 ad

108 3909 141 3962 D.
156 3907 241 3978 Coray
247 3923 325 3977 ;quoe
334 3905 356 3959 si
365 3903 431 3976 quid
439 3905 520 3958 habet
529 3904 623 3956 obseu·
668 3901 827 3975 Pompeium
840 3921 905 3955 vero
924 3901 1103 3959 referendum.

108 3989 164 4042 rius
178 3988 210 4040 in
226 3987 301 4041 verb.
318 3998 477 4051 construet,
490 4001 545 4037 non
563 3977 625 4035 ideo
711 3984 737 4036 3,
750 3985 820 4055 App.
833 4000 870 4046 11,
886 3983 932 4046 34.

108 4069 198 4124 miuus
207 4063 405 4121 accommodata
412 4065 482 4138 stylo
489 4062 625 4120 Plutarch.
712 4070 738 4127 4.
752 4063 805 4116 Dio
817 4062 889 4119 cm.
902 4080 964 4130 ω,
981 4068 1009 4126 4,
