3000 5025
350 521 507 594 GOTH.
534 523 892 598 JUNGERMANI
919 527 1081 598 NOTAE.
1173 521 1245 602 5'63

182 645 243 706 sunt
256 654 354 724 absque
375 653 473 708 mendo
481 643 529 720 ,οε
542 655 579 708 sic
595 669 673 710 erant
682 656 711 708 in
728 675 777 710 ms.
801 657 867 728 μετὰ
887 653 914 710 δ’
931 660 1009 730 ὀλίγου
1027 655 1096 730 (pro
1114 681 1168 732 quo
1188 676 1248 715 ante

181 729 282 803 ὀλίγον)
299 731 329 786 δέ
347 728 420 805 (quc
439 735 533 787 vocula
552 733 665 798 inserta)
682 737 766 807 χρόνον
790 732 921 808 διάςημα,
937 756 991 809 quo
1014 753 1148 810 postremo
1169 761 1248 796 voca·

170 812 245 865 'bulo
268 810 356 865 deleto
377 814 405 865 in
430 815 564 884 margine,
580 815 727 887 repositum
750 812 874 886 διοίςιιμα.
896 817 996 869 Fronte
1017 820 1095 888 ὀλίγου
1115 817 1145 872 δέ
1165 824 1247 892 χρένοο

180 887 348 953 διαλιπόντος.
362 892 466 946 Deinde
479 895 589 947 inferius
602 914 653 965 pro
665 895 741 966 παγιὶ
755 897 830 967 prius
848 897 938 967 ἐπάγη.
952 898 1029 950 Certe
1042 900 1130 969 παγεὶς
1150 901 1247 954 sicum

181 972 251 1035 βελος
264 970 344 1024 debet
352 974 491 1044 componi,
504 974 533 1027 in
546 975 625 1045 παγέν
637 973 795 1027 mutandum
809 976 867 1028 erit.
882 975 952 1029 Ibid.
967 977 1041 1048 prius
1054 979 1098 1035 τ’ἠν
1113 984 1154 1030 τοῦ
1170 986 1247 1034 Πουλ-

180 1051 265 1119 ρέωνος
277 1053 305 1104 τὸ
321 1051 342 1114 Ε,
356 1054 467 1106 ἕλκεσθαι
477 1056 498 1104 έ.
510 1072 533 1104 κ.
548 1049 575 1105 δ.
587 1055 629 1107 καὶ
641 1057 664 1107 έν
679 1057 759 1124 τούτῳ
774 1077 797 1107 τ.
812 1059 844 1108 Π.
858 1056 922 1108 Mox
934 1062 1047 1110 πονοῦντι
1061 1058 1207 1127 insertum,
1221 1073 1249 1113 et

180 1134 281 1200 Βαρῖνος
289 1130 335 1185 hic
345 1132 376 1185 in
388 1151 437 1184 ms.
452 1133 515 1184 Post
528 1135 629 1188 τοιαύτη
643 1133 749 1186 videtur
761 1133 906 1188 desiderari
918 1138 989 1204 τύχη.

220 1210 305 1262 XLV.
320 1210 412 1277 Prius,
426 1214 475 1282 ὅσῳ
489 1207 519 1263 δέ
536 1216 645 1285 μᾶλλον,
658 1227 685 1266 et
697 1213 760 1266 dein
775 1215 873 1286 ἄγγελοι
887 1216 928 1269 καὶ
949 1217 1061 1286 ἀγγελίαι
1070 1229 1120 1280 ,et
1132 1234 1194 1270 mox
1207 1220 1247 1272 vi·

172 1288 259 1342 *detur
266 1280 393 1360 cogitasse
405 1292 426 1343 oi
436 1293 484 1344 ὑπὸ
495 1293 618 1362 πολεμίων
629 1291 770 1363 λαθόμενοι,
780 1307 806 1346 et
812 1295 893 1364 paulo
904 1307 965 1366 post
972 1297 997 1357 ὓς
1010 1297 1060 1354 ἀπὸ
1068 1301 1115 1358 τῆς
1125 1299 1175 1368 ἀρ.;
1185 1299 1246 1352 infr,

179 1387 230 1421 scr.
240 1388 271 1420 ex
279 1387 328 1422 ms.
336 1372 411 1429 αὐτός
420 1376 443 1422 θ’
454 1374 467 1423 i
478 1392 502 1425 α.
516 1373 580 1424 Mox
593 1384 650 1424 erat
659 1373 733 1444 prius
747 1375 782 1428 εἰη
793 1375 888 1443 τάγμα.

219 1448 317 1501 XLVI.
331 1439 469 1521 Ἑπέμψατο
482 1451 557 1522 prius
569 1452 710 1508 collocaret
722 1465 783 1523 post
791 1453 931 1522 ςρατηγὸν,
946 1466 972 1505 et
985 1474 1046 1508 mox
1061 1458 1152 1509 ἐκέλευε
1173 1458 1248 1528 prius

180 1547 230 1599 pro
244 1529 407 1600 παρήγγειλε,
417 1543 443 1582 et
455 1531 574 1601 Nepotatus
588 1550 640 1602 pro
653 1523 848 1602 Ᾰτρευατῶν;εῑ
862 1533 910 1602 εἴγε
923 1538 994 1586 τοῦτο
1008 1541 1041 1604 τῇ
1049 1555 1073 1587 τ.
1086 1525 1113 1587 13.
1124 1537 1186 1588 etin
1195 1538 1254 1590 fine

181 1610 344 1679 έναμενπτέον
359 1615 394 1678 πέρ
407 1612 515 1682 Καίσαρι
530 1613 555 1662 οὐ
568 1631 588 1664 ει

219 1687 500 1758 ΧΙΝΠ.Ρείιιεο”ιριξιν
508 1690 579 1759 γνοὺς
591 1692 641 1742 ἀπὸ
649 1697 698 1742 τῶν
710 1692 903 1761 προτρεχέντων,
911 1703 938 1744 et
947 1695 969 1744 ἐν
981 1694 1061 1761 ταύτῃ
1074 1699 1105 1763 τῇ
1115 1695 1161 1764 ἠμ.
1175 1693 1246 1748 Ibid.

181 1785 213 1818 ex
226 1786 274 1819 ms.
288 1767 374 1819 scribe
384 1773 415 1820 Σ.
433 1775 488 1821 καλ.
502 1769 574 1839 κώμῃ
588 1769 714 1830 έπέςησεν.
728 1771 793 1822 Mox
806 1770 882 1840 prius
896 1773 999 1824 ένταῦθα
1010 1773 1053 1844 μέν
1068 1772 1116 1844 γὰρ
1132 1775 1194 1827 τάτε
1208 1797 1261 1828 σοι.

180 1844 278 1899 deinde
290 1845 397 1899 videtur
410 1847 535 1918 cogitasse
547 1850 586 1901 ἶνα
600 1852 623 1901 ἐν
638 1857 674 1918 τῷ
687 1857 796 1920 χειμῶνι.
809 1849 912 1902 Deinde
924 1853 999 1921 prius
1010 1855 1022 1904 ὁ
1034 1848 1065 1904 δέ
1076 1851 1180 1919 osteor,
1192 1857 1247 1908 οὐπ,

179 1939 208 1979 et
220 1945 283 1978 mox
293 1927 364 1998 γνοὺς
371 1921 461 1985 ἧτταν,
474 1941 501 1980 et
511 1931 569 1998 πρὸς
581 1920 665 1980 seusu
680 1932 785 1981 συνιέναι
799 1932 882 1998 μαθὼν
895 1925 953 1982 διδ.
968 1943 994 1983 et
1007 1943 1067 1984 ante
1079 1939 1115 2002 τῷ
1128 1934 1250 2004 Καίσαρι,

181 2007 225 2063 τὴν
241 2007 285 2076 μέν
298 2006 389 2078 prius,
402 2019 433 2066 et,
442 2005 506 2060 ibid.
521 2007 559 2060 ὅτι
573 2010 596 2060 έν
607 2003 836 2078 μεγῶφ-ιιινδὺνῳ,
847 2022 874 2061 et
887 2013 971 2061 πᾶσαν
985 2013 1043 2080 ὁμοῦ
1057 2011 1101 2066 τὴν
1115 2031 1150 2071 τ.,
1164 2025 1191 2065 et
1203 2016 1249 2066 ὑπὸ

179 2091 222 2138 τοῦ
233 2083 390 2158 ςρατοπέδου
399 2106 471 2157 ςρατ.
766 2129 770 2153 γ

221 2166 348 2218 XLVIII.
356 2166 438 2234 Χέσχι
449 2167 577 2220 insertum
592 2170 659 2237 αὐτῷ
673 2166 748 2238 prius
761 2165 826 2220 ibid.
836 2187 886 2238 pro
900 2171 987 2236 αὐτὸν,
998 2171 1024 2222 et
1038 2172 1098 2238 έχων
1114 2171 1249 2244 τάγματα,

180 2247 266 2306 πᾶσαν
280 2245 346 2314 ὅμως
364 2248 387 2298 έν
401 2269 428 2318 μ.
444 2258 471 2299 et
483 2249 571 2303 Γάλλοι
585 2247 660 2303 αὐτὴν
675 2259 701 2299 et
712 2256 755 2304 τὴν
773 2249 838 2308 έπις.
850 2255 911 2300 παλ.
924 2245 952 2302 δ.

220 2326 319 2378 XLIX.
331 2325 408 2377 Prius
421 2329 448 2380 τὸ
462 2329 568 2397 πρᾶγμα
579 2326 790 2398 μαθέντις,παρὰ
804 2332 845 2380 τοῦ
860 2329 1068 2399 Βερτ.ἱιοεοτωηι
1081 2331 1151 2401 παρὰ
1164 2332 1250 2384 scribe

181 2403 246 2458 dein
257 2406 352 2469 έιτηοε,
365 2417 391 2456 et
404 2407 432 2457 in
446 2425 494 2458 ms.
508 2425 570 2459 mox
584 2409 630 2458 ἀπ’
649 2409 751 2470 ἐαυτοῦ,
765 2417 791 2458 et
803 2425 853 2478 pro
868 2408 942 2465 αὐτὴν
957 2404 1006 2460 δ’ὁ
1025 2413 1125 2480 Καῖσαρ
1144 2409 1251 2464 videtur

181 2485 257 2558 prius
271 2486 419 2550 αὐτὰς,εῐο.
433 2503 495 2537 mox
507 2487 583 2556 prius
595 2486 641 2539 καὶ.
650 2487 739 2545 αὐτοὺς
753 2487 773 2538 εἰ
785 2505 847 2557 μαχ.
861 2487 977 2541 Inferius
991 2490 1056 2541 έπικ.
1065 2483 1092 2539 δ.
1107 2509 1138 2565 μ..
1153 2491 1181 2543 ἀν
1198 2493 1250 2561 ἐγέ-

180 2584 237 2618 νετο
254 2588 278 2620 τ.
289 2586 333 2636 πρ.
346 2577 373 2617 et
385 2567 426 2619 τόν
441 2586 468 2619 τε
482 2566 539 2618 Κέοι.
553 2584 604 2636 pro
617 2585 726 2635 ςροιτοπ.
736 2568 764 2615 έκ
777 2564 883 2617 videtur
896 2567 1022 2637 cogitasse
1035 2568 1112 2619 initio
1126 2588 1250 2639 ςρατοπε·

180 2640 285 2711 δεύετος
300 2663 363 2697 mox
377 2645 452 2716 prius
465 2646 476 2695 ὃ
490 2646 578 2713 ααὶπιρ
591 2646 686 2708 ervom
700 2656 758 2695 tum
771 2638 855 2697 scribe
869 2647 1080 2714 έπταιιιοχιλίους,
1093 2659 1120 2699 et
1132 2666 1183 2717 pro
1197 2669 1251 2701 σκο·

178 2726 241 2785 ’ποέις
255 2722 317 2777 dein
331 2726 503 2785 κατασκόπους
514 2741 522 2787 ;
535 2722 610 2793 prius
624 2736 650 2777 et
662 2719 787 2793 διαπιμψ.
802 2729 850 2775 ποῦ
864 2725 907 2781 τὴν
922 2744 947 2794 ρ.
1138 2722 1139 2729 ¹

220 2804 252 2856 L.
264 2806 366 2857 Inserta
378 2806 489 2875 πρὸςτέρ
506 2804 639 2872 χειμάρρῳ.
654 2800 757 2854 Deinde
768 2802 844 2872 'prius
858 2806 958 2873 μείζονα
972 2810 1014 2864 τῆς
1030 2807 1137 2875 παροὺσ.
1151 2818 1178 2859 et
1191 2810 1249 2877 πρὸς

182 2886 210 2937 τὸ
223 2890 272 2938 τῶν
282 2874 350 2955 Ῥαμ.
363 2906 389 2952 χ.
399 2895 425 2936 et
437 2884 597 2954 κρατύνεσθαι
610 2881 693 2949 τείχει.
708 2888 758 2935 Pro
771 2877 889 2944 δεδιότας
903 2880 1009 2935 videtur
1030 2885 1156 2954 cogitasse
1176 2900 1252 2940 antea

139 2971 144 2978 '
180 2960 350 3033 ροέοομένοος.

221 3044 267 3095 L1.
281 3043 359 3095 Prius
373 3045 580 3114 παρορμηθέντες,
595 3042 695 3093 inserto
708 3047 791 3111 αριῖννἸ
800 3054 826 3093 et
838 3060 889 3113 pro
902 3040 1088 3103 διαέιὸοέζουοι,
1102 3040 1249 3098 tacituro

183 3123 207 3175 έν
223 3118 299 3190 δυσχ.
312 3125 357 3179 τὴν
371 3142 392 3175 ο.
403 3135 431 3175 et
444 3125 493 3175 ἀπὸ
506 3127 556 3196 τῆς
568 3127 626 3184 τοῦ,
637 3132 668 3171 ut
680 3121 750 3182 forte
763 3123 917 3192 cogitaverit
930 3118 1041 3186 εἰσόδου;
1054 3120 1116 3175 dein
1129 3124 1249 3178 πάντοθεν

183 3202 215 3263 ιές
230 3204 267 3256 τὸ·
282 3200 330 3265 (ut
343 3203 411 3254 forte
424 3202 579 3273 cogitaverit
591 3199 689 3253 addere
700 3193 860 3271 χαράκωμα)
875 3208 916 3255 τοῦ
930 3196 1085 3271 ςρατοπέδου
1099 3217 1190 3275 postea
1204 3204 1250 3257 ad·

182 3278 282 3348 dimus,
293 3294 321 3333 et
332 3272 489 3352 χαράκωμα)
498 3300 549 3351 pro
562 3282 690 3349 ipsomet
703 3282 735 3340 εἰς
750 3281 804 3341 τοὺς
816 3288 872 3333 πολ.
885 3302 904 3334 ε.
920 3302 949 3333 π.
959 3281 1000 3334 καὶ
1015 3283 1070 3342 τοὺς
1084 3284 1176 3343 ἱππέας
1192 3305 1250 3355 προ-

180 3361 298 3431 πέμψας,
312 3374 338 3413 et
351 3360 413 3413 ἀλλὰ
426 3364 454 3414 τὸ
468 3364 567 3420 πλεῖςον
581 3361 780 3430 οιατεκέρθηααν,
798 3359 848 3412 καὶ.
936 3394 941 3400 -
1107 3406 1109 3413 ,
1170 3369 1174 3374 “

222 3442 281 3493 LII.
295 3442 373 3493 Prius
385 3436 477 3500 δεδιὼς
487 3439 601 3509 έτι,ρντο
614 3435 680 3491 δεέα.
695 3451 722 3492 et
734 3440 791 3491 ένθα
801 3441 857 3500 τοὺς
870 3440 912 3511 μὲν
928 3440 952 3492 ὓ.
965 3450 991 3491 et
1003 3458 1052 3511 pro
1067 3443 1109 3492 ἕνα
1120 3481 1127 3504 ,
1141 3442 1196 3502 ἕνας
1205 3482 1213 3507 ,
1223 3456 1249 3497 et

183 3521 226 3573 civ
234 3540 262 3573 τε
269 3540 321 3591 pro
333 3522 375 3573 οὑν
385 3526 416 3584 t’,
424 3533 451 3571 et
458 3519 569 3571 inferius
578 3520 660 3578 αὐτοῖς
668 3538 719 3589 pro
730 3521 826 3579 ἐκείνοις
835 3542 842 3583 ;
852 3519 978 3589 cogitasse
984 3518 1050 3572 ibid.
1060 3518 1166 3573 videtur
1175 3523 1250 3593 prius

183 3599 226 3657 niv
242 3598 418 3670 τ’άρροαένην,
430 3612 472 3652 etc
484 3596 550 3651 ibid.
560 3599 647 3667 prins,
660 3605 701 3651 τοῦ
714 3601 781 3669 ὑμῶν
794 3606 832 3669 dp.
846 3597 961 3656 ἐλάέετε,
974 3611 1000 3650 et
1014 3606 1061 3653 τῶν
1076 3600 1176 3671 μὲνγὰρ
1191 3606 1248 3655 θεῶν

180 3679 250 3733 έλεοιν
264 3681 399 3750 γενομένων
414 3680 456 3731 σὺν
473 3684 505 3747 τῇ
516 3681 570 3748 ὖμ..
591 3689 618 3729 et
627 3677 724 3730 inserta
738 3679 824 3731 τούτου
840 3680 951 3749 έπανορθ.

222 3759 297 3811 L111.
311 3765 365 3811 Τῶν
377 3748 440 3828 δομ.
455 3758 576 3827 ἐξεγένετο
589 3756 679 3826 prius3
693 3760 705 3808 ὁ
719 3758 763 3827 μέν
781 3748 835 3809 Ῐνδ.
850 3758 893 3829 μέν
913 3759 1054 3811 insertum.¹
1070 3758 1149 3823 Mox,
1163 3756 1250 3814 ἀπεδί·

182 3834 304 3909 δρασαον,
316 3856 368 3909 pro
381 3831 495 3908 ἀπέδρα,
506 3849 533 3889 et
547 3839 559 3888 ὁ
571 3836 615 3906 μὲν
632 3831 671 3887 οὗν
682 3842 715 3887 tt.
730 3837 795 3887 Mox
809 3837 837 3889 in
851 3856 899 3891 ms.
914 3850 953 3891 est
968 3839 1121 3909 κενοτομέαι,
1135 3850 1161 3889 et
1174 3841 1249 3909 prius

183 3935 246 3969 mox
259 3918 303 3973 riv
314 3919 375 3988 μέν,
388 3929 419 3969 ut
432 3917 546 3969 scribere
560 3916 674 3967 voluerit
686 3934 748 3967 mox
762 3916 895 3987 συμφορὰν.
914 3910 984 3970 Ibid.
999 3918 1096 3969 eratin
1109 3936 1157 3970 mss
1172 3922 1247 3990 Σαρί·

183 4016 232 4049 νου.
248 3995 315 4049 Sane
329 3996 374 4049 hic
386 3998 454 4049 liber
466 3996 517 4067 ipsi
530 3996 667 4066 negotium
680 3995 800 4061 facessit;
813 3994 876 4048 dein
889 4007 1011 4049 errarunt
1024 4012 1112 4067 opere
1124 4000 1249 4051 et·scribe

183 4077 283 4136 Δοέιαιος
297 4066 405 4136 δάσκιος.
419 4076 534 4128 Inferius
546 4074 664 4145 primum
673 4074 815 4145 ‘scripserat
829 4078 907 4129 οὐκέτι
923 4078 1038 4145 ἀπέχειν,
1052 4090 1078 4129 et
1091 4084 1134 4139 τῆς
1149 4098 1175 4131 τε
1192 4080 1246 4138 τοὺς

183 4160 218 4208 rt.
230 4155 298 4215 etin
309 4154 365 4210 fine
377 4157 549 4219 πεποιηκέναι,
562 4155 609 4207 ubi
623 4163 649 4209 'et
660 4149 751 4221 σχεδον
766 4154 901 4209 insertum.
983 4205 985 4210 .
1050 4166 1053 4171 “
1111 4202 1114 4211 .

995 4260 1065 4332 36²
