3000 5025
141 634 251 733 ῖρερον
264 638 317 707 καὶ
327 636 412 734 ἦγον.
429 639 469 705 Οἱ
486 638 539 732 μὲν
554 636 604 706 οὖν
621 626 747 719 Εδουεῖς
761 643 888 720 ἑαυτοῖς
901 667 937 708 τε
951 642 1003 709 καὶ
1016 640 1059 710 τὰ
1072 653 1155 735 σρών
1169 648 1225 715 ἀπ’
1300 707 1302 712 .

140 749 249 813 αὐτῶν
265 738 423 824 διασώζειν
438 748 479 838 μὴ
500 736 692 828 δυνηθέντες,
703 741 845 842 πρίσόιις
857 758 905 835 τῷ
918 747 1053 843 Καίσαρι
1066 748 1225 844 ἔπεμψαν,

141 841 288 944 δεόμενοι
310 852 497 945 συμμαχίας·
516 862 652 920 τοιοῦτοι
672 844 724 919 διὰ
742 855 859 932 παντὸς
876 853 945 948 περὶ
977 856 1049 933 τοὺς
1067 842 1226 951 Ῥωμαίους

140 958 286 1051 γενέσθαι
318 950 533 1042 διδάσκοντες,
559 962 620 1035 ώςε
640 951 746 1027 ἄδικον
766 956 840 1027 εἶναι
863 964 934 1039 τούς
953 986 988 1028 τε
1012 971 1096 1052 σφῶν
1115 965 1226 1059 ἀγροὺς

141 1064 342 1157 πορθεῖσθαι,
362 1064 512 1143 καὶ-,τοὺς
538 1054 653 1143 παῖδας
679 1057 973 1159 ἀνδραποδίζεσθαι,
998 1075 1057 1146 τάς
1082 1096 1117 1137 τε
1142 1081 1225 1163 σφῶν

142 1170 251 1249 πόλεις
273 1171 446 1249 ἀναςάτους
466 1170 683 1266 γίνεσθαι,καὶ
702 1180 806 1239 ταῦτα
819 1172 860 1251 εἰς
873 1170 942 1263 ὄψιν
956 1166 1067 1265 σχεδὸν
1087 1187 1144 1244 τοῦ
1162 1189 1224 1247 τῶν

140 1259 297 1369 Ῥωμαίων
316 1288 436 1371 ςρατοῦ
453 1277 596 1372 γίνεσθαι.
610 1263 653 1343 Εν
666 1279 774 1367 τοὶυτῷ
788 1271 824 1347 δὲ
835 1280 888 1347 καὶ
898 1280 927 1346 οἱ
939 1269 1121 1374 Ᾰμόάρροι,
1134 1284 1228 1380 άναγ·

140 1382 227 1451 καῖοί
246 1410 282 1451 τε
301 1383 352 1451 καὶ
370 1390 520 1481 συγγενεῖς
539 1392 600 1451 τῶν
629 1370 788 1468 Εδουίων,
811 1387 887 1480 πρὸς
912 1388 967 1455 τὸν
993 1386 1139 1482 Καίσαρα
1162 1383 1226 1457 δια-

140 1490 316 1584 φυγόντες,
335 1481 497 1559 ἐδίδασκον
525 1496 564 1569 ὡς
583 1494 617 1559 οὐ
638 1482 804 1577 δόναιντο,
822 1493 874 1559 καὶ
893 1484 1083 1566 θηῖωθέντων
1107 1522 1141 1590 γε
1160 1506 1223 1564 τῶν

140 1594 261 1690 ἀγρῶν,
281 1588 393 1689 ῥᾳδίως
417 1599 489 1675 τοὺς
507 1596 670 1691 πολεμίους
689 1599 750 1665 ἀπὸ
770 1606 831 1665 τών
851 1599 968 1666 πολεων
988 1601 1165 1685 ἀποσοβεῖν.
1183 1606 1227 1670 Οἵ

139 1726 177 1768 τε
197 1691 417 1799 Ᾰλλόόρογες,
436 1705 465 1771 οἱ
482 1706 576 1798 πέραν
595 1715 652 1771 τοῦ
670 1689 811 1773 Ῥοδανοῦ
828 1709 934 1797 κώμας
952 1732 987 1773 τε
1006 1706 1058 1773 καὶ
1075 1712 1225 1800 κτήματα

140 1808 290 1900 ἔχοντες,
313 1813 390 1903 πρὸς
415 1812 474 1879 τὸν,
496 1808 642 1904 Καίσαρα
672 1812 886 1905 ἀνεχώρησαν,
905 1816 997 1899 αθτὸν
1022 1804 1223 1894 διδάσκοντες

140 1920 182 1993 ὡς
199 1918 282 1992 πλὴν
302 1926 359 1983 τοῦ
373 1908 512 2011 γηπέδου
530 1909 618 1985 οὐδὲν
639 1918 738 2009 σφίσιν
759 1916 837 1987 ἄλλο
850 1920 1018 1987 ὑπόλοιπον
1034 1917 1224 1999 ἧκΤοότοις

140 2023 198 2114 μὲν
220 2019 271 2090 οὖν
296 2022 426 2101 πεισθεὶς
445 2031 509 2101 τοῖς
533 2024 636 2116 λόγοις
656 2031 672 2091 ὁ
691 2027 834 2118 Καῖσαρ,
853 2028 909 2093 οὐκ
926 2024 1130 2117 άναμενητέον
1150 2022 1224 2093 εἶναι

137 2120 247 2197 ἐδόκει
274 2131 380 2218 αὐτῷ,
399 2116 455 2209 ἕως
474 2128 508 2197 οὗ
528 2130 556 2197 οἱ
574 2117 724 2205 Ελόότιοι
741 2130 849 2199 πάντα
866 2130 907 2197 τὰ
925 2143 987 2199 τῶν
1006 2136 1118 2200 ἑαυτοῦ
1144 2159 1223 2225 συμ·

138 2234 253 2327 μάχων
273 2238 421 2329 χρηματα
439 2230 701 2320 ίξανοιλώσαντες,
716 2238 757 2315 είς
773 2241 830 2311 τὴν
849 2240 1032 2312 Σαντονικήν
1052 2237 1221 2329 ἀφίκοιντο.

196 2344 279 2411 ΧΠ.
299 2324 360 2421 Ιῖςι
380 2336 417 2409 δέ
433 2370 481 2422 τις
506 2345 666 2435 ποταμὸς,
685 2326 799 2436 Ᾰραρις
817 2345 932 2437 ὄνομα,
950 2344 1148 2438 τοσωίτηείς
1166 2348 1222 2414 τὸν

138 2432 281 2517 Ῥοδανὸν
301 2450 470 2536 εἰσβοθιλων
490 2449 636 2543 ἀτριμίᾳ,
651 2454 713 2529 ώςε
732 2454 882 2544 όποιιρεῖ,
901 2461 941 2544 τῇ
960 2448 1028 2540 ὄψει
1042 2443 1221 2547 μὴ’διακρί-

138 2555 256 2622 νεσθαι.
275 2559 395 2625 Τοῦτον
415 2558 443 2624 οἱ
464 2543 616 2630 Ελόότιοι
642 2557 761 2634 πολλὰς
785 2549 911 2648 σχεδίας
937 2558 1086 2636 α’λλόλαις
1104 2553 1222 2637 ἐπιζεώ.

138 2655 267 2747 ξαντες,
282 2655 445 2730 διίόαινον.
464 2664 580 2732 Μαθὼν
601 2654 635 2730 δὲ
654 2661 739 2755 παρὰ
756 2671 819 2730 τῶν
839 2666 1045 2736 κατασκόπων
1064 2669 1080 2729 ὀ
1100 2666 1221 2759 Καῖσαρ

139 2766 201 2846 τὰς
220 2770 275 2861 μὲν
294 2778 374 2862 τρεῖς
388 2767 484 2861 ρυλθις
497 2777 560 2836 τών
575 2755 737 2842 Ελόητίων
752 2760 815 2841 ἤδη
829 2769 883 2836 τὸν
894 2770 1043 2859 ποταμὸν
1059 2761 1222 2854 διαόῆναι,

139 2877 201 2948 τὴν
218 2867 253 2943 δὲ
275 2875 434 2968 τετάρτηνΙ
450 2875 499 2943 ἐπὶ
518 2875 632 2968 θάτερα
647 2884 704 2942 τοῦ
720 2884 866 2968 ποταμοῦ
882 2875 929 2940 ἔτι
942 2873 1110 2942 ὑπόλοιπον
1127 2871 1221 2961 εἶναι,

140 2982 223 3074 ἀμφὶ
234 2985 292 3056 τήν
307 2982 415 3074 τρίτην
429 2983 566 3072 φυλακὴν
585 2982 638 3046 σὺν
657 2982 739 3075 τρισὶ
756 2980 896 3075 τάγμασι
911 2979 1011 3071 λάθρα
1028 2989 1085 3046 τοῦ
1103 3007 1221 3072 ςρατο-

126 3079 240 3156 -πόδου
260 3085 353 3180 άρας,
367 3087 417 3156 ἐπὶ
435 3089 507 3165 τοὺς
525 3088 610 3154 οὔπω
629 3096 691 3154 τῶν
710 3074 873 3160 Ελόητίων
891 3087 945 3154 τὸν
964 3088 1105 3178 ποταμὸν
1120 3078 1223 3180 διαόε·

141 3188 281 3273 όηκότας
304 3199 440 3288 ὥρμησε,
457 3193 510 3264 καὶ
534 3196 656 3270 τούτοις
674 3184 920 3285 ἀπροσδοκήτοις
945 3217 980 3258 τε
999 3191 1050 3258 καὶ
1067 3193 1146 3285 άμρὶ
1164 3199 1222 3271 τὴν

141 3310 200 3367 τοῦ
219 3311 365 3392 ποταμοῦ
379 3291 400 3366 δ
402 3294 523 3366 ιάόασιν
539 3301 774 3392 ἀσχολουμένοις
791 3296 877 3390 άρνω
891 3299 1059 3381 ἐπιπεσών,
1072 3302 1223 3390 παμπολ-

139 3412 214 3484 λους
234 3410 336 3474 αὐτῶν
355 3409 540 3474 ἀπέκτεινεν·
556 3407 584 3472 οἱ
603 3397 639 3472 δὲ
655 3406 759 3474 λοιποὶ
777 3416 858 3500 φυγῇ
876 3405 927 3472 ἐπὶ
940 3402 982 3472 τὰ
995 3403 1125 3478 πλησίον
1138 3405 1221 3482 νάπη

143 3503 345 3588 διεσώθησαν.
365 3517 454 3587 Αὕτη
471 3513 562 3604 μὲνὴ
582 3514 660 3603 ρυλή
680 3510 850 3606 Τυγουρίνη
870 3515 1058 3579 ἐπεκαλεῖτο·
1073 3513 1223 3607 τέτταρες

142 3617 201 3712 γὰρ
214 3619 308 3710 φυλαὶ
321 3627 384 3686 τῶν
394 3606 556 3692 Ελόητίων
570 3608 741 3712 διῄρηνται·
755 3617 796 3684 ών
807 3622 886 3692 αὕτη
900 3619 977 3710 μόνη
989 3615 1039 3684 ἐπὶ
1053 3625 1115 3684 τών
1130 3621 1224 3686 πατέ-

145 3751 202 3817 ρων
213 3721 495 3808 ίξελθοιῖσα,αὐτόν
509 3750 544 3791 τε
553 3727 607 3794 τὸν
623 3728 740 3795 ὕπατον
752 3729 883 3792 Λούκιον
898 3723 1035 3790 Κάσσιον
1050 3724 1221 3811 ἀπέκτεινε,

143 3830 194 3898 καὶ
211 3837 274 3927 πεῖν
294 3833 332 3899 τὸ
351 3831 463 3900 ἐκείνου
488 3817 650 3925 ξράτευμα
668 3833 839 3914 νικήσασα,
860 3833 920 3898 ὑπὸ
939 3832 994 3923 τὸν
1018 3822 1106 3923 ζυγὸν
1126 3833 1222 3924 ῖπέμ·

143 3933 237 4026 ψατο.
249 3941 359 4016 Οὕτως
374 3934 424 4006 οὖν
438 3937 457 4012 ἢ
472 3942 506 4006 ἐκ
520 3935 683 4029 συντυχίας
699 3938 795 4020 τινὸς,
809 3938 829 4011 ἤ
843 3939 874 4002 τ’
886 3934 936 4004 οὖν
952 3938 986 4002 ἐκ
999 3945 1055 4013 τῆς
1069 3945 1127 4003 τοῖ
1140 3936 1220 4006 θείου

141 4046 282 4138 γνώμης,
304 4043 390 4114 οὗτοι
412 4051 474 4112 τῶν
503 4030 666 4118 Ελόητίων
686 4043 714 4110 οἱ
733 4046 804 4121 τοὺς
822 4028 981 4135 Ῥωμαίους
999 4041 1098 4110 παλαι
1116 4034 1223 4124 διινώς

143 4155 357 4234 κακώσαντες,
378 4151 452 4219 τότε
471 4159 533 4220 τών
553 4145 653 4220 ἄλλων
673 4149 794 4244 μάλιςα
812 4143 900 4226 δίκας
920 4151 1035 4218 ἔτισαν.
1053 4149 1137 4243 Πρὸς
1154 4153 1228 4221 τοιί·
