3000 5025
321 468 395 535 DE
424 466 550 537 VITA
576 466 722 535 JULII
751 465 996 539 cAEsttus.
1150 494 1201 569 29

121 614 217 697 pecta
233 614 319 669 erat
344 602 464 667 Ferme
488 600 589 694 igitur
612 622 653 667 ex
682 598 837 669 omnibus
860 600 1045 671 Galliarum
1059 602 1203 675 urbibus

126 708 304 803 legationes
323 708 515 801 principum
531 704 734 800 gratulantes
752 705 796 773 ad
814 708 977 777 Caesarcm
999 711 1147 779 veniunt.

174 817 235 883 His
247 812 492 909 peractis‚·dies
513 814 614 881 totius
628 810 744 881 Galliae
761 810 918 900 concilio,
936 813 1052 909 legatis
1066 820 1203 911 petenti·

123 922 185 989 -bus
194 924 348 1009 ‚Caesare
360 920 589 1014 permittente,
601 917 793 1013 praeligitur.
806 922 841 987 Is
852 944 955 1013 quum
968 924 1123 1010 venisset,
1135 925 1202 1019 pri·

21 1024 22 1079 i
129 1052 233 1096 mores
252 1025 432 1096 Gallorum
445 1038 676 1112 revertuntur,
694 1027 865 1120 petitoque
880 1040 913 1093 et
925 1050 1084 1098 concesso
1095 1048 1202 1099 secre-

21 1128 22 1167 l
129 1136 206 1202 tiore
236 1132 427 1227 colloquio,
446 1146 615 1226 gementes
642 1156 681 1199 ec
705 1156 850 1201 moerore
879 1135 982 1201 nimio
1006 1135 1132 1228 perfusi
1160 1137 1203 1207 ad

21 1272 22 1283 ¹
130 1240 224 1334 pedes
244 1240 387 1310 Caeseris
409 1238 618 1333 procubuere
640 1240 768 1322 euncti;
786 1237 980 1333 prefatique
995 1256 1140 1326 sunt,se
1161 1243 1203 1312 de

131 1346 224 1415 rebus
246 1361 404 1432 acturos,
420 1369 510 1439 quae,
531 1346 557 1413 si
575 1366 641 1437 qua
656 1343 709 1413 vel
727 1347 819 1413 tenui
837 1345 956 1414 rimula
975 1348 1009 1415 in
1031 1345 1203 1441 publicum

131 1455 330 1548 erupissent,
352 1466 495 1521 mortem
513 1452 560 1519 eis
579 1465 677 1543 etque
696 1449 850 1519 ultimum
872 1453 1039 1521 excidium
1056 1452 1204 1525 allaturae

131 1574 243 1629 essent.
252 1558 415 1627 Datafide
428 1556 562 1644 silentii,
576 1559 762 1627 Divitiacus
774 1560 810 1625 in
824 1557 991 1652 loquendo
1004 1574 1117 1655 partes
1136 1586 1206 1629 om·

132 1669 218 1735 nium
238 1679 416 1752 executus,
434 1665 591 1733 Ariovisti
604 1661 747 1733 insolens
759 1679 792 1733 et
803 1666 948 1733 immane
955 1668 1094 1761 jugum,¹
1105 1681 1204 1761 etque

126 1773 295 1865 abjectum
313 1787 347 1840 et
362 1769 505 1841 flebilem
520 1768 706 1840 Galliarum
718 1784 843 1839 statum
855 1773 965 1841 verbis
982 1772 1095 1841 multis
1111 1776 1204 1843 mise·

131 1879 285 1948 rabilibus
294 1878 499 1974 deploravit:
513 1882 622 1947 Unum
634 1902 672 1945 se
680 1877 889 1947 exomm'bus
899 1879 1075 1966 ductuum,
1087 1882 1204 1973 nccju·

131 1986 311 2079 rejumndo
320 2011 385 2055 nec
398 1984 572 2054 obsidibus
579 1983 792 2071 abstractum,
804 2002 841 2053 et
850 1987 932 2055 olim
940 1991 1086 2057 Romam
1095 1989 1203 2057 adse·

129 2109 230 2163 natus
236 2094 444 2189 praesidium
457 2092 669 2186 corfitgisse,
688 2106 725 2159 et
734 2116 827 2161 nunc
832 2117 903 2189 pro
916 2093 1072 2163 omnibus
1086 2118 1205 2164 coram

128 2225 271 2269 romano
287 2206 495 2295 imperatore
512 2198 649 2267 laberius
664 2200 766 2293 loqui.
783 2202 940 2294 Dem'que
951 2201 1037 2270 murt
1049 2207 1099 2270 eis
1107 2226 1203 2297 proe·

131 2322 179 2375 ter
204 2310 379 2379 Caesarem
399 2331 444 2375 ae
465 2311 642 2376 Romanos
662 2311 738 2401 spei
756 2308 946 2400 reliquum:
964 2332 1036 2402 qua
1054 2313 1088 2377 si
1102 2309 1204 2378 desti·

130 2429 302 2483 tuerentur
308 2467 320 2501 ,
340 2412 439 2507 quod
453 2414 804 2509 Helvetucoeperint,
829 2414 943 2483 Gallis
960 2414 1117 2483 ominbus
1131 2420 1204 2484 imi·

130 2522 291 2608 tandum,
311 2537 351 2590 ut
365 2521 506 2590 desertis
523 2519 806 2615 laribuspatrub,
823 2544 1035 2616 qrwcumque
1047 2524 1127 2592 illos
1138 2547 1205 2592 sua

128 2653 199 2698 sors
222 2631 340 2700 mlerz't
361 2627 534 2714 evadam
551 2629 683 2696 nullum
705 2633 795 2696 enim
807 2627 999 2717 sbrtunam
1024 2653 1095 2698 non
1112 2629 1204 2723 jugo

124 2738 335 2805 Germanico
347 2734 616 2830 proefirendum.
632 2736 693 2802 His
708 2723 866 2802 adfinem
880 2736 1057 2828 peroratis,
1068 2749 1102 2802 et
1116 2750 1205 2803 statu

130 2841 313 2912 Galliarum
332 2841 484 2936 pluribus
502 2842 611 2910 verbis
624 2842 775 2934 exposito
785 2864 884 2932 squae
899 2865 968 2908 non
983 2854 1113 2935 repeto,
1128 2844 1205 2935 quia

130 2951 404 3045 superiusnttigi,
420 2962 548 3017 certum
568 2972 602 3016 se
621 2971 693 3016 esse
706 2947 770 3035 ait,
787 2946 919 3040 quodsi
936 2947 1002 3015 hoc
1016 2946 1085 3016 ullo
1104 2947 1205 3017 modo

131 3056 169 3124 ad
197 3057 358 3124 Ariovisti
384 3056 535 3124 notitiam
560 3053 768 3148 perferatur,
790 3053 832 3122 de
859 3054 1013 3124 omnibus
1036 3080 1120 3149 quos
1146 3055 1205 3123 ba·

132 3161 221 3232 beret
232 3162 421 3250 obsidibus,
433 3161 652 3230 inhumanum
665 3159 718 3228 ille
730 3157 932 3254 supplicirun
943 3163 985 3229 sit
997 3177 1206 3255 sumpturus,

133 3283 163 3337 et
175 3295 275 3364 opem
295 3294 329 3338 se
346 3270 447 3362 igitur
470 3266 750 3354 rebus-adversis,
769 3281 803 3334 et
822 3266 932 3363 verbis
953 3271 1149 3336 necessitate
1160 3267 1207 3336 ul·

135 3376 210 3444 tima
223 3376 399 3471 expressis,
412 3374 517 3443 lidum
530 3371 697 3442 silentium
708 3371 897 3467 implorare.
906 3376 992 3463 Quae
998 3398 1103 3467 quum
1112 3373 1206 3442 dixis·

135 3497 192 3569 set,
209 3485 322 3552 caeteri
344 3506 460 3550 omnes
478 3480 577 3550 affusi
599 3482 751 3548 certatim
769 3478 898 3568 verbis,
915 3495 951 3548 at
973 3479 1128 3568 mitibus,
1145 3483 1206 3549 rni-

137 3589 314 3658 seconliem
333 3603 432 3682 etque
452 3585 610 3655 auxilium
630 3588 761 3654 romani
781 3588 990 3681 imperatoris
1011 3602 1204 3681 exposcunt.

139 3695 268 3768 Cuncti-s
287 3709 401 3764 eutem
419 3693 670 3762 obsecrantibus
680 3725 695 3781 ‚·
709 3691 770 3762 soli
785 3694 930 3786 Sequani
943 3706 1062 3762 moesto
1077 3693 1206 3762 silentio

139 3797 256 3872 defixos
268 3805 303 3872 in
315 3817 440 3870 terram
454 3797 570 3870 oculos
584 3800 771 3869 servabant
785 3799 887 3889 Quod
902 3799 1070 3868 admirans
1084 3803 1208 3893 Cesar,

141 3929 234 3999 quum
248 3908 331 4004 quid
345 3909 408 3994 rei,
418 3931 490 4001 quae
502 3905 632 3978 silentio
647 3929 746 3976 cause
755 3906 966 3994 esset‚exbis
975 3908 1095 3975 iterum
1110 3923 1209 4004 atque

142 4011 254 4084 iterum
264 4015 490 4110 quaesivisset,
511 4015 584 4108 ipsi·
594 4021 692 4100 vero'3
708 4037 750 4082 ne
767 4013 896 4082 hiscere
911 4012 1047 4106 quidem
1066 4017 1136 4085 ausi
1144 4039 1158 4103 ,·
1174 4017 1210 4084 in

138 4119 250 4195 eadem
270 4123 498 4194 mestitiam
525 4122 752 4202 tacitiunitate
777 4133 984 4215 perstarent,
1006 4122 1210 4218 respondens
