3000 5025
32 468 34 501 ,
48 473 50 479 ,

32 502 34 555 l

32 558 34 617 l

32 618 34 679 l

32 682 34 765 l

292 448 364 515 os
391 444 524 517 vrrs
548 445 696 515 sunu
724 445 973 521 cestius.
1097 450 1173 529 225
1287 554 1290 558 ¹

112 580 243 669 bierant,
254 604 364 675 eoque
376 595 547 681 etnomen
565 594 600 649 ct
613 582 811 668 memoriam
825 583 889 651 viri
901 582 989 655 illius
1003 602 1171 681 amantes,

112 703 195 757 nocte
208 688 317 784 prima
335 686 443 775 facta,
460 684 570 774 mille,
588 684 641 755 vel
656 688 800 778 circiter,
817 712 896 759 oum
907 693 1000 787 equis
1013 707 1047 763 et
1068 700 1173 770 servis

32 818 33 841 l
110 795 294 865 inCaesaris.
313 808 424 864 castra
444 793 611 865 moenibus
634 795 745 871 vicina
766 795 993 892 transfiigere3
1013 824 1081 895 quo
1101 816 1172 875 tam

32 892 34 927 l
110 903 212 997 insigni
224 903 384 990 transitu,
400 924 463 973 nec
481 902 664 990 immerito,
678 902 894 996 perturbatus
913 906 1043 1000 Scipio,
1059 922 1094 977 et
1114 910 1174 1005 qui

109 1033 205 1081 secum
223 1023 341 1100 erant,
353 1022 526 1103 ooeperant
542 1007 740 1097 observare,
759 1034 803 1079 ne
821 1010 856 1077 id
869 1010 983 1081 lieret:
995 1038 1100 1107 quum
1119 1018 1172 1087 iu·

107 1129 181 1185 terea
198 1118 243 1184 M.
268 1116 454 1211 Aquinium
472 1140 550 1185 cum
566 1117 606 1185 C.
623 1116 765 1185 Saserna
785 1115 1031 1211 colloquentem
1052 1120 1171 1191 adver·

107 1236 221 1311 enmt,
240 1223 399 1317 misitque
414 1221 459 1291 ad
480 1246 557 1299 eum
570 1222 700 1317 Scipio,
714 1247 784 1292 non
800 1223 955 1319 expedire
965 1249 1006 1295 eo
1018 1240 1171 1323 tempore

106 1352 169 1401 cum
186 1329 340 1399 hostibus
361 1328 505 1424 colloqui
527 1355 534 1397 :
555 1327 610 1398 ille
621 1331 777 1399 nuntium
798 1332 894 1424 parvi
911 1328 1074 1426 pendens,
1088 1360 1170 1405 con·

107 1437 264 1507 tumaeiter
286 1436 487 1532 respondit:
515 1438 568 1505 Et
590 1435 692 1505 stabo
703 1490 715 1524 ,
745 1438 876 1530 inquit,
904 1438 1037 1526 adduc,
1059 1441 1171 1513 donec

106 1544 247 1638 repleam
268 1544 370 1640 quod
391 1548 511 1639 mccpi.
535 1544 623 1611 Tum
645 1568 704 1611 ren
723 1556 855 1631 motus,
876 1545 1039 1615 viatorem
1071 1573 1170 1620 suum

32 1672 34 1679 ·
108 1651 189 1739 nisit,
201 1653 268 1746 qui,
274 1650 435 1730 audiente
443 1647 659 1738 collocutore,
671 1653 701 1718 ei
713 1649 842 1719 diceret
852 1676 860 1719 :
872 1654 951 1721 Rex
963 1653 1170 1748 colloquium

107 1756 557 1854 ismddnnmatacproln'bet:
563 1755 630 1826 hoc
639 1756 765 1844 audito,
771 1758 883 1851 paruit
891 1772 992 1851 atque
1000 1758 1168 1831 abscessit

107 1863 231 1935 lliratiir
245 1866 350 1960 hujus
369 1866 512 1959 scriptor
529 1863 693 1951 historiae,
705 1862 795 1931 unde
807 1862 879 1933 haec
891 1865 956 1933 civi
967 1890 1125 1955 romano,
1138 1871 1170 1937 ei

106 1973 269 2061 presertim
284 1973 346 2067 qui
363 1972 509 2043 honores
523 1995 542 2039 a
555 1968 682 2064 populo
700 1971 921 2065 percepisset,
933 1971 1044 2043 adhuc
1060 1987 1169 2045 stante

105 2078 271 2170 republica:
289 2078 387 2150 Jubae
406 2078 476 2173 regi
495 2076 639 2145 barbaro
657 2078 769 2170 potius
782 2100 884 2170 quam
899 2078 1094 2173 imperatori
1107 2106 1167 2151 ro-

105 2186 177 2255 mani
198 2188 362 2260 exercitus
386 2186 532 2279 paruisse
552 2234 562 2267 ‚
583 2185 707 2251 mirum
724 2208 795 2251 non
812 2182 952 2253 inficior.
974 2184 1056 2274 Sed,
1075 2186 1169 2258 haud

104 2286 199 2379 dubie,
216 2293 315 2363 valde
334 2294 369 2361 in
385 2292 471 2379 dies,
486 2305 649 2385 quantum
666 2289 748 2359 mihi
764 2305 920 2384 apparet,
935 2293 1048 2387 Scipio
1066 2295 1168 2364 etiam

32 2426 34 2455 ι
104 2394 173 2465 inter
192 2396 588 2491 suos„vileseebat,lquod
609 2396 655 2465 ita
677 2418 748 2467 esse
762 2420 904 2489 sequens
922 2422 1055 2492 quoque
1072 2414 1167 2471 actus

32 2502 34 2578 l
102 2500 204 2576 indicio
217 2522 276 2578 est
291 2507 426 2600 Nempe
440 2504 528 2575 Juha
547 2528 616 2572 non
629 2504 664 2572 in
679 2504 859 2598 Aquinium
875 2503 996 2594 modo,
1008 2506 1167 2600 exiguum

32 2603 34 2652 ³
102 2609 287 2703 senatorem,
294 2614 424 2708 justum
432 2611 609 2706 imperium
617 2608 826 2683 confidenter
835 2612 994 2697 exercuit,
1004 2611 1168 2707 sediojus·

102 2727 160 2786 tum
170 2734 267 2816 atque
281 2743 450 2814 arrogans
462 2720 497 2788 in
513 2721 622 2814 ipsum
638 2717 739 2784 etiam
751 2716 960 2810 Scipionem,
974 2740 1044 2786 non
1055 2717 1165 2788 dicam

102 2822 337 2919 imperatorem,
346 2851 387 2896 eo
396 2841 559 2918 tempore,
572 2820 633 2892 sed
642 2835 765 2916 preter
779 2822 969 2915 imperium,
980 2822 1166 2896 honoribus

101 2933 186 3022 gestis
192 2949 225 3002 et
238 2934 473 3004 vetustissimae
487 2927 619 3002 familiae
637 2927 815 3023 splendore
830 2927 1079 2998 venerabilem:
1094 2933 1165 3025 qui,

101 3059 188 3128 quum
198 3056 275 3110 ante
285 3040 375 3134 regis
385 3038 569 3108 adventum
580 3049 673 3104 veste
685 3056 856 3129 purpurea
864 3035 1168 3124 uteretur,dixitei

101 3142 188 3233 luba,
200 3146 253 3216 vcl
265 3147 333 3218 dici
351 3145 449 3231 fecit,
464 3169 533 3212 non
550 3142 670 3211 decere
689 3139 784 3210 illum
802 3137 920 3210 eadem
932 3166 1055 3216 ,secum
1070 3139 1165 3234 ueste

101 3250 157 3337 uti,
173 3267 205 3322 et
223 3255 339 3348 paruit
356 3251 571 3347 ignavissimo
592 3247 738 3336 honuni,
759 3245 839 3316 licet
858 3249 945 3340 regi,
966 3250 1068 3318 miser
1088 3249 1167 3340 ille,

102 3367 129 3422 θῑ
142 3359 320 3452 majoribus
338 3360 405 3428 suis
421 3353 674 3439 dissimillimus,
691 3355 750 3448 qui
769 3354 797 3422 si
811 3353 859 3422 ibi
875 3368 1002 3443 essent,
1021 3356 1164 3448 Iubam,

102 3481 166 3532 veie
179 3465 243 3536 hoe
263 3465 348 3536 mihi
369 3463 485 3534 videor
504 3463 675 3546 dictums,
694 3459 973 3553 haudquaquam
987 3465 1062 3556 pari
1079 3465 1162 3555 ami·

101 3566 167 3645 eitia
183 3572 410 3670 dignarentur.
435 3567 544 3640 Stulta
565 3593 619 3638 res
639 3591 778 3663 prorsus
795 3580 830 3635 et
845 3567 960 3660 inepta
977 3591 1055 3636 cum
1084 3573 1180 3639 Cae-1

91 3694 163 3746 ,sare
182 3676 274 3751 illum
296 3677 381 3748 velle
402 3676 624 3764 contendere,
644 3677 702 3769 qui
723 3687 857 3771 pareret
876 3674 896 3742 J
898 3672 980 3764 ube.
999 3677 1075 3750 Jam
1093 3675 1163 3746 for·

101 3789 170 3853 tuna
182 3785 336 3882 reliquias
350 3786 628 3880 Pompeianarum
642 3781 789 3876 partium
802 3782 929 3874 campis
942 3778 1164 3875 explicuerat,

101 3898 134 3954 ῑῑῑ
150 3912 202 3964 eas
218 3891 337 3964 ultima
357 3889 442 3962 falce
456 3890 646 3960 demeteret.
670 3890 744 3958 Hoc
766 3901 933 3982 tempore,
951 3884 1048 3955 multi
1068 3887 1162 3960 fuere

98 3988 227 4076 insultus
245 3999 385 4081 Labieni
403 4013 438 4068 et
456 3997 585 4068 Afranii
602 4021 670 4065 non
693 3995 764 4064 sine
782 3991 954 4088 periculo:
975 3991 1080 4063 multa
1094 3998 1163 4065 Cae·

97 4100 173 4170 sam
192 4104 381 4202 vigilantia,
399 4105 553 4202 jugisque
573 4099 761 4176 sollicitudo
782 4097 989 4188 inducendo
1011 4103 1164 4173 minutis·

148 4235 215 4307 III.
958 4228 1004 4303 15
