3000 5025
294 477 601 550 INTERPRES
630 480 868 550 GRAECUS.
897 483 994 550 LIB.
1022 483 1064 551 V.
1136 480 1210 580 437

130 608 277 697 γῶν,ἐπὶ
288 613 342 679 τὸν
349 613 435 704 χιλὸν
453 609 652 706 πέμψαντος,
667 607 808 703 ἐξαίφνης
820 612 970 681 πάντοθεν
986 620 1056 691 τοῖς·
1065 615 1144 708 ἀμφὶ
1158 617 1211 683 τὸν

128 713 223 802 χιλὸν
231 708 403 810 ἐπέδραμον
413 719 440 786 οἱ
448 721 745 812 πολέμιοι,ούτετῶν
753 717 884 811 σημείων
892 721 1031 786 ούτετῶν
1040 723 1212 813 ταγμάτων

129 816 367 911 ἀπέχοντες.οἱ
382 815 417 891 δὲ
429 810 567 918 Ρωμαῖοι
576 825 687 904 αὐτοὺς
697 826 860 920 προθύμως
874 828 1044 916 μαχόμενοι
1057 827 1097 906 εἰς
1114 832 1211 922 φυγὴν

21 1003 25 1018 .
127 922 288 1016 ἔτρεψαν,
302 931 372 997 ούτε
392 931 522 1025 πρόσθεν
537 934 650 1009 ἔςησαν
665 924 848 1015 διώκοντες,
862 931 931 1024 πρὶν
950 931 969 1005 ἢ
993 957 1033 1025 τη
1049 942 1111 1000 τῶν
1132 961 1209 1027 ταγ-

127 1031 244 1121 μάτων
259 1035 380 1104 ὄπισθεν
394 1038 490 1105 ὄντων
506 1037 630 1126 βοηθείᾳ
642 1037 820 1131 θαρροῦντες
833 1039 861 1106 οἱ
872 1049 928 1128 τού
938 1037 1095 1131 Καίσαρος
1108 1040 1209 1117 ἱππεῖς

127 1138 206 1216 τοὺς
221 1141 387 1235 πολεμίους
404 1143 445 1222 εἰς
459 1147 554 1240 ρυγλν
570 1144 726 1238 μεγάλην,
739 1145 791 1213 καὶ
814 1148 1063 1238 τεταραγμένην,
1077 1147 1208 1223 πολλοὺς

128 1247 237 1312 αὐτῶν
258 1249 450 1342 ἀναιροῦντες
473 1249 556 1318 κατὰ
578 1250 710 1344 κράτος,
724 1247 847 1318 ἕθαλον.
863 1247 960 1334 (ούτε
981 1249 1040 1344 γὰρ
1063 1261 1118 1318 τοῦ
1142 1256 1208 1318 ἑαυ·

125 1350 203 1430 τοὺς
218 1364 279 1420 τού
294 1351 390 1445 φύόου
405 1351 647 1450 ἀναλαμθάνειν,
662 1357 680 1433 ἢ
698 1369 755 1426 τοῦ
768 1357 831 1425 ἀπὸ
845 1365 907 1424 τῶν
921 1348 1052 1423 ἀσσέδων
1067 1349 1206 1442 ἐκπηδᾷν

126 1460 250 1548 σχολὴν
271 1465 373 1541 αὐτοῖς
392 1455 642 1548 έδοσαν.)Μετά
661 1458 696 1532 δὲ
715 1467 772 1538 τὴν
793 1464 895 1556 μάχην
914 1467 1032 1548 ταύτην
1057 1468 1154 1530 πᾶσαι
1175 1465 1206 1530 αἱ

123 1571 190 1629 τῶν
210 1567 392 1658 Βρηταννῶν
417 1569 589 1662 συμμαχίαι
611 1571 767 1666 ἀπγίεσαν,
787 1572 857 1637 οὔτε
882 1568 963 1661 μετὰ
983 1579 1086 1636 ταῦτα
1106 1575 1206 1663 πολλῇ

123 1659 264 1762 δυνάμει
277 1675 324 1741 ἔτι
339 1681 405 1754 τοῖς
423 1661 575 1768 Ρωμαίοις
590 1677 618 1744 οἱ
631 1677 799 1772 Βρηταννοὶ
812 1671 983 1770 συνέμιξαν.

180 1765 356 1848 XV111.0
369 1783 425 1874 μὲν
440 1779 490 1852 οὖν
505 1785 626 1876 Καῖσαρ
641 1786 698 1857 τὴν
711 1782 830 1851 ἐκείνων
843 1784 932 1876 γνοὺς
946 1777 1074 1866 ύουλήν,
1086 1781 1137 1848 ἐπὶ
1149 1783 1203 1849 τὸν

120 1885 275 1977 ποταμὸν
289 1886 426 1980 Θάμεσιν
445 1888 485 1966 είς
498 1890 556 1962 τὴν
575 1899 632 1958 τοῦ
646 1885 897 1958 Κασσιύελαύνου
910 1887 992 1981 μετὰ
1010 1897 1066 1954 τοῦ
1086 1897 1204 1975 ςρατού

122 1992 293 2082 ἐπορεύετο
315 1997 429 2088 χώραν.
451 1980 480 2062 O
509 1987 544 2062 δὲ
571 1995 707 2088 Θάμεσις
728 1996 771 2062 ἑνὶ
795 1995 886 2087 μόνον
913 1995 1017 2080 τόπῳ,
1031 1993 1083 2060 καὶ
1101 1996 1204 2080 τούτῳ

122 2085 291 2176 δυσκόλως
310 2093 477 2179 πεζεύεται.
501 2087 645 2170 Ενταύθα
669 2103 723 2195 μὲν
748 2102 991 2196 παραγενόμενος
1014 2106 1031 2167 ὁ
1054 2104 1202 2192 Καῖσαρ,

118 2205 264 2283 ,πολλοὺς
282 2199 390 2286 πεζούς
409 2233 444 2274 τι
463 2207 514 2274 καὶ
529 2208 640 2287 ἱππέας
660 2210 754 2304 πέραν
778 2218 834 2286 τοῦ
848 2217 999 2300 ,ποταμοῦ
1020 2207 1202 2278 κατενόησεν

121 2310 176 2378 ἐπὶ
197 2317 268 2388 ταῖς
282 2313 387 2403 ὄχθαις
400 2318 706 2409 παρατεταγμένους,
718 2322 758 2394 ὡς
776 2319 971 2409 κωλύσοντας
991 2313 1031 2390 εἰς
1051 2315 1087 2381 τὸ
1107 2314 1202 2404 πέραν

123 2407 310 2498 διαύαίνειν·
324 2415 400 2491 ἦσαν
417 2411 451 2486 δὲ
465 2423 541 2515 πρὸς
554 2423 676 2498 τούτοις
698 2422 729 2488 αἱ
749 2422 839 2514 ὄχθαι
859 2428 982 2515 ςαμροῖς
1001 2413 1083 2496 ὀξέσι
1104 2445 1201 2486 κατα·

120 2527 334 2619 πεπηγμίνοις
347 2529 601 2621 κεκρατυμμίναι·
614 2531 666 2597 καὶ
680 2526 771 2595 ἀλλον
783 2528 961 2620 ςαυροὶποῦ
976 2514 1071 2615 αὐτού
1086 2527 1202 2617 τρόπον

119 2634 151 2699 ἐν
183 2643 233 2719 τῷ
255 2646 395 2724 ,ποταμῷ
422 2635 631 2728 πεπηγμένοι,
653 2639 713 2703 ὑπὸ
742 2646 788 2722 τῷ
811 2625 908 2718 ὕδατι
933 2609 1202 2716 ἐκαλύπτοντο,έθ

119 2737 232 2829 μαθὼν
257 2738 342 2831 παρὰ
363 2747 425 2806 τῶν
448 2738 653 2832 αἰχμαλώτων
678 2738 730 2807 καὶ
751 2748 813 2805 τῶν
830 2738 1013 2829 ,αὐτομόλων
1029 2743 1045 2803 ό
1062 2740 1201 2829 Καῖσαρ,

119 2847 182 2919 τὴν
201 2844 296 2913 ἵππον
318 2841 522 2938 προπέμψας,
540 2852 605 2923 τοῖς
619 2847 759 2939 τάγμασι
776 2846 895 2936 ταχέως
915 2846 1115 2937 παρήγγειλεν
1134 2847 1202 2934 ἕπε-

117 2952 206 3020 σθαι.
222 2952 367 3045 Τοσαύτη
383 2942 418 3019 δὲ
433 2950 587 3045 προθυμίᾳ
601 2977 636 3019 τε
652 2950 704 3019 καὶ
719 2952 877 3042 ταχύτητι
892 2949 920 3016 οἱ
940 2957 1112 3042 ςρατιῷται
1126 2952 1201 3016 ἑπο-

121 3056 290 3150 ρεύθησαν,
306 3062 367 3135 ὥςε
382 3061 437 3130 τὴν
454 3059 571 3125 ἐκείνων
587 3059 663 3151 ἔχειν
677 3056 791 3151 ὁρμὴν,
803 3057 911 3148 καίπερ
924 3064 964 3147 τῇ
976 3062 1093 3148 κεφαλῇ
1106 3057 1198 3146 μόνον

119 3172 184 3231 τοῦ
216 3154 331 3243 ὕδατος
363 3155 593 3257 ἀναδυομένων,
614 3165 643 3232 οἱ
664 3166 806 3256 πολέμιοι
828 3165 870 3255 μιλ
896 3152 1091 3251 δυνηθέντες,
1119 3171 1199 3255 φυγῇ

119 3268 183 3347 τὰς
202 3268 296 3359 ὄχθας
309 3270 424 3337 ἔλιπον.
918 3322 950 3337 ..
1014 3273 1017 3279 ’

178 3376 273 3444 XIX.
288 3360 317 3443 O
332 3366 368 3443 δὲ
382 3370 630 3456 Κασσιόελαύνος
645 3367 660 3465 (
672 3385 711 3456 ὡς
727 3375 781 3445 καὶ
798 3366 860 3448 ἤδη
882 3367 1079 3457 δεδιθλωται)
1095 3384 1154 3465 τούι
1165 3376 1198 3443 ἀιι

119 3476 328 3578 παρατάξεως
343 3482 494 3574 μάχεσθαι
512 3484 678 3579 ἀπογνοὺς,
692 3483 750 3562 τὰς
764 3484 817 3576 μὲν
833 3477 930 3574 άλλας
951 3481 1051 3557 πάσας
1068 3471 1197 3572 διαφῆκε

119 3582 282 3681 δυνάμεις·
314 3588 580 3685 τετρακισχιλίους
609 3580 644 3657 δὲ
670 3592 761 3681 μόνον
791 3592 956 3679 κατασχὼν
980 3578 1196 3689 ἐσσεδαρίους,

116 3697 179 3768 ,σὺν
202 3698 325 3773 τούτοις
352 3692 409 3774 τὰς
435 3704 496 3763 τῶν
525 3682 675 3789 Ρωμαίων
698 3688 790 3773 ὁδούς
817 3697 990 3787 παρετήρει·
1017 3694 1068 3760 καὶ
1085 3692 1195 3787 ’ὀλίγον

117 3802 187 3869 ,ἀπὸ
207 3792 353 3880 τῆςθδοῢ
367 3804 396 3868 έν
411 3793 541 3872 ύλύδισι
562 3803 613 3871 καὶ
639 3794 807 3887 δυσόάτοις
831 3802 1041 3894 κρυπτόμενος
1064 3800 1195 3883 τόποις,

119 3910 201 3977 ὅπου
226 3909 310 3986 τοὺς.
325 3894 484 4001 Ῥωμαίους
504 3903 914 4003 πορεύσεσθαιιιαταμάθοι,
933 3908 1002 3985 τοὺς
1021 3906 1195 3999 ἀνθρώπους

120 4014 274 4095 ίνταῢθα,
291 4014 342 4083 καὶ
357 4012 399 4084 τὰ
414 4009 601 4111 ύοσκιίματα
617 4014 723 4083 πάντα
741 4013 781 4090 είς
802 4012 844 4080 τὰ
856 4015 937 4087 νάπη
954 4024 1089 4107 συνῆγεν.
1104 3998 1196 4087 Επει·

119 4110 163 4197 δὴ
188 4111 226 4187 δί
245 4145 323 4189 ποτε
346 4132 403 4191 τοῦ
424 4117 568 4217 ἁρπάζειν
593 4148 628 4189 τε
654 4122 705 4191 καὶ
728 4113 883 4201 ληίζεσθαι
901 4122 989 4186 ἕνεκα
1017 4116 1100 4191 κατὰ
1123 4120 1194 4198 τοὺς

919 4235 986 4321 28³
