3000 5025
310 508 379 577 DE
413 506 545 576 VITA
570 504 718 575 JULIl
746 506 996 577 CAESARIS.
1114 507 1191 581 233

136 641 210 710 mani
228 642 463 735 negotiatores,
484 641 541 734 qui
557 639 707 733 pecuniis
725 640 794 708 suis
810 640 907 708 enixe
920 640 1102 711 admodum
1121 642 1192 712 bel·

134 746 190 816 lum
211 732 392 840 juverant,
416 761 451 816 et
477 736 631 816 laverant
661 746 829 840 Scipioni3
848 744 911 816 hos
935 749 1049 819 Cesar
1074 749 1193 819 oderat

40 875 44 943 J
133 854 352 944 vehementer,
379 878 442 923 nec
472 854 663 941 immerito;
686 854 836 923 animose
860 855 949 923 enim
971 879 1007 924 se
1031 856 1192 927 adversus

133 974 390 1056 congesserant:
401 959 459 1031 sed
471 960 543 1054 ejus
557 959 672 1031 odium
682 984 815 1054 semper
828 961 912 1030 citra
924 964 1084 1031 saevitiam
1097 965 1191 1033 siste·

130 1065 178 1138 bat
188 1094 203 1162 ;1
213 1068 273 1137 hos
294 1082 441 1137 extrema
456 1068 558 1161 igitur
573 1064 737 1161 supplicia
758 1081 1077 1163 metuentes‚quum
1096 1069 1191 1139 adse

131 1172 248 1243 adducti
269 1189 395 1262 essent,
412 1174 583 1243 acerrimis
604 1172 716 1243 verbis
735 1172 922 1268 increpuit,
943 1176 1052 1269 deque
1072 1201 1190 1247 eorum

37 1298 39 1371 J
129 1279 243 1375 flagitiis
261 1279 399 1376 longum
418 1282 525 1350 texuit
543 1304 753 1369 sermonem,
781 1306 951 1376 quumque
967 1283 1012 1351 ab
1032 1282 1190 1353 omnibus

36 1418 37 1471 f
129 1402 313 1481 speraretur,
330 1388 566 1457 utorationem
578 1401 647 1455 tam
660 1386 815 1457 infestam
829 1390 947 1459 mortis
958 1389 1123 1459 sententia
1139 1413 1189 1458 se·

36 1478 38 1559 l
129 1509 283 1587 queretur,
301 1509 337 1585 et
357 1496 437 1590 ipsi,
458 1508 551 1563 metu
568 1495 686 1563 vicinae
707 1497 827 1564 mortis
851 1498 1012 1583 attoniti,
1037 1510 1114 1590 post
1138 1510 1192 1567 tot

36 1650 38 1669 .
127 1599 290 1671 verborum
309 1602 459 1672 tonitrua
478 1654 487 1687 ‚
505 1602 573 1696 jam
591 1626 655 1696 pro
672 1603 801 1671 meritis
818 1600 946 1671 fulmen
964 1601 1120 1672 ultimum
1138 1628 1191 1672 ex·

35 1788 36 1799 ,
127 1720 306 1801 pecterent:
342 1707 506 1778 conclusit
528 1707 628 1802 longe
649 1707 692 1777 ab
713 1709 873 1803 opinione
893 1723 1114 1780 cunctorum:
1141 1712 1195 1781 Et

126 1819 178 1903 ite,
193 1817 251 1903 ait,
268 1815 315 1885 de
335 1820 413 1887 vita
427 1821 541 1885 securi
551 1841 562 1883 .·
578 1815 671 1884 haue
691 1816 805 1885 solam
822 1814 923 1885 uobis
944 1815 1065 1903 dono,
1098 1816 1194 1886 bona

34 1900 36 1977 l
125 1937 227 1991 restra
254 1944 338 2018 quae
370 1926 480 1991 Utr'eoe
511 1921 667 2009 tabeat,
697 1922 806 1991 vendi
825 1922 961 2015 Jubeo:
986 1924 1086 1993 vobis
1109 1929 1195 2020 ipses

126 2041 227 2098 tamen
239 2035 395 2126 primum
413 2028 604 2101 redemendt'
623 2030 735 2099 locum
764 2029 903 2118 ortuo,
927 2046 968 2099 ut
984 2055 1055 2126 pro
1076 2036 1195 2127 preme

34 2136 35 2155 ³
124 2136 312 2227 quodrebus
326 2135 687 2229 constitummfirerit,
702 2152 874 2232 emptores
887 2161 1007 2207 omnes
1020 2140 1086 2209 alat
1094 2137 1196 2208 vobr's

33 2228 35 2257 ¹
124 2241 257 2313 cedent:
277 2244 450 2338 insperato
469 2242 591 2338 gaudio
614 2246 789 2332 concussi,
807 2258 842 2313 et
863 2246 920 2313 vix
933 2246 984 2313 sui
1001 2260 1194 2342 compotes:

33 2364 35 2381 ¹
125 2351 190 2431 Imp
210 2374 316 2437 uero,
351 2350 529 2444 inquiunt,
554 2374 625 2419 non
651 2365 705 2419 est
730 2351 809 2421 lraec
833 2351 1014 2444 afficiens
1037 2354 1196 2421 stultiam

122 2472 374 2556 uosnoepoena:
388 2456 527 2554 obpru'd
536 2458 685 2554 amphus
697 2458 836 2528 mulctoe
847 2464 985 2530 nomme
990 2460 1094 2530 simul
1097 2458 1199 2542 nobis

125 2565 269 2636 emamus
282 2572 431 2661 impone.
452 2565 596 2634 Miratus
614 2579 666 2634 est
683 2567 806 2634 Cesar.
820 2567 874 2634 Et
892 2573 1050 2663 uupono,
1069 2568 1198 2660 inquit,

32 2741 33 2764 ἶ
122 2669 208 2740 robe
222 2697 310 2753 om.
326 2675 558 2740 sestertiorum
572 2693 639 2740 sex
651 2670 880 2741 solutionibus
899 2678 994 2740 mara
1015 2678 1196 2742 trrennmm

32 2775 34 2868 J
117 2779 344 2870 persolvenda.
355 2777 483 2863 Hodie,
499 2779 748 2872 inquiunt,nos
761 2777 951 2848 damam
961 2778 1193 2872 mtelltgumus,

32 2929 33 2980 3
121 2889 259 2956 utsimul
276 2890 398 2956 omnia
407 2885 673 2981 persolvamus3
688 2908 828 2980 proque
851 2899 925 2954 tam
943 2889 1021 2954 mur·
1040 2890 1195 2980 castagn-

120 2995 224 3080 tr'oue,
247 3015 484 3086 concessaque
502 3006 639 3088 proeter
658 3014 755 3086 spem
773 2995 850 3061 uita
861 3045 873 3078 ,
897 2990 983 3079 tibi,
1004 2998 1195 3088 inoperatur

119 3099 344 3185 metensem,
361 3103 500 3194 gratias
518 3102 662 3192 agimus.

163 3208 253 3276 Dum
281 3207 357 3276 haec
382 3205 425 3276 ad
449 3205 586 3274 Uticam
609 3207 722 3275 Caesar
742 3207 835 3299 agit,
861 3205 949 3274 iuba
970 3231 1058 3294 rex,
1087 3206 1190 3277 modo

119 3322 178 3380 tam
201 3312 384 3409 superbus,
402 3310 529 3382 diurnis
541 3309 695 3400 latebris,
708 3326 876 3381 nocturna
892 3311 992 3406 fuga,
1008 3313 1113 3382 deviis
1131 3313 1192 3407 syl·

118 3418 592 3515 rosisquetramitibus,suum
604 3417 685 3487 olim
694 3418 738 3487 ad
746 3419 1076 3514 regnum,regnique
1087 3435 1191 3514 caput

118 3521 244 3595 Zamam
257 3525 423 3622 oppidum
440 3539 657 3620 pervenerat,
671 3525 729 3594 ubi
746 3524 851 3594 larem
866 3526 1088 3620 praecipuum,
1104 3551 1188 3596 uxo·

119 3653 225 3726 resque
246 3648 282 3704 et
305 3631 392 3702 filios
417 3631 668 3702 et.thesaurum
688 3631 860 3717 hahebat,
889 3630 1117 3726 palatiumque
1141 3633 1189 3702 ibi

119 3741 435 3834 sumptuosissimam
462 3753 636 3823 erexerat;
663 3737 709 3806 ihi
734 3762 817 3808 vero
839 3738 943 3808 homo
965 3741 1186 3829 vanissimus,

117 3845 167 3936 qui
186 3870 310 3943 magna
331 3846 495 3942 principia
514 3846 761 3940 precipitanter
781 3843 1051 3940 amplexaretur,
1077 3871 1186 3941 neque

116 3952 212 4022 exitus
229 3954 428 4042 metiretur,
447 3954 481 4021 in
508 3954 582 4047 ipso
601 3949 679 4022 belli
707 3952 872 4048 principio
894 3952 1053 4022 adversus
1074 3955 1185 4027 Casa·

116 4077 179 4126 rem
192 4062 368 4133 temerarie
386 4061 553 4154 suscepti,
572 4061 743 4154 ingentem
756 4057 925 4154 lignorum
938 4084 1056 4154 pyram
1074 4061 1185 4129 media

117 4162 192 4246 tube
217 4180 450 4268 congesserat,
475 4179 513 4238 ut
534 4167 563 4248 si
594 4164 682 4249 bello
695 4165 951 4255 succubuisset,
972 4191 1089 4246 omues
1115 4167 1183 4244 illie
