3000 5025
324 480 397 551 DE
424 480 559 551 VITA
583 480 729 549 JULII
756 478 1006 550 CAESARIS.
1132 472 1205 551 103

131 622 321 703 petrarent:
344 612 411 683 hoc
439 626 627 709 praecepto,
648 636 691 682 ne
715 611 769 682 vel
799 613 1026 708 Ambiorigem
1053 608 1107 681 vel
1133 612 1205 707 ejus

33 744 34 747 ¹
131 719 259 789 nuntios
276 720 367 789 intra
377 745 455 789 suos
469 718 553 808 fines
566 719 798 806 admitterent3
811 719 958 814 alioquin
979 742 1097 816 pacem
1111 743 1208 815 praes·

131 824 218 895 titam
241 825 370 897 nullam
393 826 474 896 fore.
499 829 633 897 Interea
652 828 800 917 Treviri,
820 829 966 921 quietem
991 828 1120 923 perosi,
1141 828 1207 895 La·

129 927 259 1002 bienum
278 932 437 1003 invadere
457 932 676 1003 decreverant
692 956 817 1029 magno
835 934 983 1028 equitum
1002 957 1041 1005 ac
1056 933 1207 1028 peditum

130 1055 311 1133 apparatu:
331 1054 430 1135 turpe
452 1040 514 1109 sibi
535 1038 796 1136 pudendumque
813 1055 987 1112 censentes
1007 1042 1142 1110 unicam
1162 1034 1207 1109 le-

131 1146 278 1237 gionem,
291 1148 338 1216 eis
355 1148 484 1235 invitis,
498 1160 608 1217 castra
623 1148 690 1217 suis
704 1149 738 1215 in
753 1146 876 1217 finibus
894 1147 1028 1217 habere.
1047 1146 1113 1216 Sed
1126 1146 1207 1216 dum

33 1326 34 1333 χ
131 1266 224 1341 eunt,
244 1254 311 1323 viae
333 1253 443 1325 medio
470 1252 553 1323 duas
580 1252 727 1349 legiones
755 1256 986 1349 supervenisse
1010 1252 1209 1343 sentientes,

131 1358 307 1429 subsistere
333 1373 368 1431 et
392 1374 568 1456 expectare
595 1362 845 1431 Germanorum
873 1359 993 1431 auxilia
1019 1351 1208 1430 decrevere.

131 1466 297 1537 Labienus
310 1466 352 1537 de
366 1468 553 1538 temeritate
566 1466 714 1538 hostium
728 1492 885 1564 sperans,
899 1469 1034 1539 dimisso
1057 1466 1210 1563 prasidio

33 1568 35 1573 ’
131 1568 294 1663 hibernis,
315 1574 377 1645 illis
403 1575 537 1645 obviam
560 1575 730 1671 procedit,
752 1589 786 1644 et
808 1599 916 1670 prope
939 1600 997 1644 eos
1019 1573 1109 1644 mille
1134 1596 1210 1668 pas·

132 1702 224 1751 suum
256 1683 365 1777 spatio
391 1680 562 1769 consedit3
583 1681 708 1751 flumen
738 1696 811 1751 erat
838 1682 872 1751 in
898 1680 1009 1750 medio
1037 1678 1211 1775 rapidum,

131 1788 208 1882 ripis
230 1790 455 1878 exstantibus,
475 1788 565 1885 quod
579 1812 642 1858 nec
661 1788 723 1858 sibi
740 1789 882 1859 transire
899 1786 1131 1885 propositum,
1148 1810 1211 1855 nec

132 1898 306 1967 transitum
327 1898 368 1967 iri
390 1897 433 1966 ab
454 1896 607 1967 hostibus
627 1904 703 1992 spes
723 1909 804 1966 erat.
828 1895 1010 1966 Crescebat
1026 1894 1158 1963 interim
1177 1894 1213 1962 in

132 1999 197 2073 dies
210 2002 325 2075 auxilii
340 2003 429 2075 fama
448 2004 648 2099 germanion
669 2003 748 2073 hinc
759 2018 879 2073 nactus
892 2004 1123 2089 occasionem,
1137 2006 1213 2071 con·

133 2108 242 2180 cilium
270 2111 432 2201 advocat,
453 2126 486 2180 et
508 2107 598 2179 clara
619 2134 703 2181 voce
731 2135 846 2181 coram
874 2109 1050 2179 omnibus:
1071 2107 1211 2194 Audeo,

133 2214 258 2318 inquit,
275 2224 432 2314 ingentes
447 2220 697 2289 Germanorum
713 2224 836 2314 coptos
849 2217 1060 2287 adventare:
1079 2229 1217 2283 nonest

33 2406 34 2411 ἵ
135 2330 268 2395 ammas
292 2350 413 2421 meque
434 2340 471 2395 et
489 2330 677 2395 exercitum
698 2329 734 2393 in
755 2325 937 2394 &brumen
959 2328 1092 2393 mittere
1098 2348 1112 2408 ,·
1135 2344 1215 2390 cras

33 2474 35 2530 ;
129 2437 244 2526 pn'rrra
263 2434 339 2503 luce
355 2456 505 2520 movere,
526 2447 563 2501 et
577 2432 658 2501 brito
676 2430 774 2501 abire
790 2432 948 2530 deposui
956 2456 968 2500 .·
985 2444 1095 2499 estote
1112 2431 1217 2524 aginae

33 2591 34 2638 3
135 2540 184 2609 ad
203 2541 362 2634 offlam
376 2545 511 2638 parati.
535 2541 643 2608 Erant
664 2537 753 2610 Galli
773 2541 809 2608 in
831 2535 998 2625 exercitu,
1019 2538 1077 2631 qui
1098 2560 1215 2630 quam·

33 2641 34 2686 3
136 2671 233 2740 quam
259 2649 322 2719 sub
344 2649 491 2718 romanis
513 2646 614 2742 signis
639 2645 839 2735 militarent,
860 2643 1004 2713 namrali
1025 2657 1138 2712 tamen
1158 2663 1217 2736 pa·

137 2756 202 2824 triae
224 2779 342 2825 amore
364 2754 584 2840 tenebantur3
602 2777 711 2848 neque
734 2766 826 2820 certe
851 2749 947 2820 aliter
971 2749 1044 2818 fieri
1066 2760 1219 2842 poterat,
1241 2798 1246 2805 ,

33 2867 34 2936 i
138 2863 213 2956 quin
225 2888 268 2932 ex
280 2877 351 2932 tam
362 2859 475 2930 multis
486 2859 645 2954 aliqui'sio
659 2857 773 2928 affecti
784 2870 957 2945 essent,ut
966 2854 1071 2949 magis
1083 2853 1219 2947 originis

33 2965 34 2988 ¹
138 2992 234 3063 quam
246 2969 372 3040 militiae
383 2968 619 3038 meminissent.
633 2968 697 3034 Per
706 2965 770 3034 hos
781 2965 894 3034 statim
902 2959 1055 3032 hostibus
1064 2961 1219 3030 innotuit

139 3075 254 3174 Neque
272 3077 441 3146 Labienus
455 3072 545 3142 aliud
558 3087 759 3142 eventurum
773 3072 952 3140 arbitratus
967 3069 1093 3165 fuerat,
1111 3091 1220 3160 neque
1300 3144 1304 3155 Ι

140 3179 236 3253 aliurn
250 3183 294 3252 ad
308 3182 467 3253 effectum
485 3179 590 3249 verba
602 3177 657 3248 illa
670 3179 704 3248 in
716 3172 860 3248 concilio
873 3175 1011 3246 dixerat.
1024 3175 1109 3263 Mox
1121 3175 1222 3268 igitur

140 3287 222 3362 clam
243 3291 358 3360 accitis
376 3289 518 3358 tribunis
538 3283 681 3358 militum
696 3299 731 3354 et
743 3283 860 3381 primis
878 3284 1062 3368 exercitur,
1081 3282 1132 3350 sui
1147 3305 1223 3348 eou-

140 3396 198 3468 silii
220 3399 387 3467 rationem
409 3394 544 3492 pandit,
567 3391 658 3488 quod
681 3416 724 3459 ne
745 3389 902 3460 inefficax
923 3393 984 3477 sit,
1006 3385 1154 3457 simulari
1168 3409 1223 3481 pa·

141 3525 256 3575 vorem
277 3519 312 3574 et
332 3505 445 3574 omnia
471 3496 708 3570 tumultuosius
733 3497 807 3568 lieri
829 3496 934 3592 jubet.
959 3497 1119 3581 Paretur,
1137 3491 1224 3561 fiunt

143 3611 269 3709 singula
292 3627 370 3682 ante
391 3625 544 3705 tempus,
562 3605 784 3704 trepidatione
803 3630 844 3674 ac
866 3603 1000 3674 fremitu
1022 3599 1176 3686 insolito,
1190 3613 1226 3668 et

143 3715 210 3813 ipse
238 3720 354 3814 sragor
380 3716 574 3786 abeuntium
597 3728 632 3783 et
653 3711 903 3807 exploratorum
928 3710 1018 3780 dicta
1047 3707 1224 3778 convenie-

33 3881 34 3884 ,
144 3823 238 3915 bant,
253 3830 426 3896 Romanos
441 3825 575 3920 lugere,
589 3845 659 3890 non
675 3819 777 3894 abire.
792 3817 1015 3889 Conclamant
1026 3815 1141 3884 hostes
1155 3813 1225 3882 len·

146 3947 215 4026 tam
236 3958 312 4005 esse
337 3937 587 4022 Gennanorum
606 3931 903 4026 expectationem,
921 3948 986 3994 nee
996 3929 1130 4021 pnseoe
1146 3920 1225 4016 gal·

148 4039 220 4109 lteae
230 4044 504 4128 virtutisffantrs
514 4037 686 4108 bominum
696 4050 911 4106 armatorum
922 4031 1227 4128 mdlibus,paueos

149 4147 510 4246 Rornanosfirgrentes
522 4148 657 4246 rit-requi
665 4165 736 4218 non
749 4139 887 4214 audere.
901 4142 977 4214 Hoc
988 4139 1091 4227 inter,
1103 4157 1227 4231 magno

1028 4258 1041 4303 r

1000 4295 1020 4366 7
