3000 5025
251 458 256 511 ³
286 524 374 575 x100
478 562 480 571 Α
514 504 542 570 J.
572 500 728 569 anast
756 496 1154 568 nounnnmnu

295 634 411 723 edicit,
431 634 557 703 iturum
569 658 604 703 se
621 633 663 701 ad
680 634 828 701 Senones
843 644 878 699 et
895 631 1079 717 Carnutes,
1092 630 1258 723 urbesque
1274 621 1373 721 alias,

293 764 313 809 a
334 740 454 835 quibus
476 742 635 837 repetitus
653 754 753 834 atque
767 737 1036 834 expectatus'sit3
1052 738 1270 805 transiturum
1289 762 1372 806 vero

292 872 354 941 per
376 847 585 917 Rhemorum
606 846 709 935 fines,
731 869 855 940 eosque
879 841 1134 937 populaturum3
1156 856 1234 911 ante
1258 845 1371 912 omnia

291 968 421 1043 tamen,
442 962 716 1049 oppugnaturum
735 965 844 1021 castra
857 948 1013 1037 Labieni,
1033 973 1108 1044 quae
1120 951 1231 1019 vicina
1241 966 1370 1040 essent3

290 1059 428 1155 etquid
457 1062 491 1129 in
514 1061 566 1131 his
593 1058 793 1153 exequendis
817 1057 918 1127 faeto'
942 1080 1027 1151 opus
1048 1058 1107 1140 sit,
1136 1058 1299 1151 exponib·
1314 1058 1370 1127 Sic

289 1167 430 1236 concilio
452 1166 637 1255 celebrato,
657 1180 691 1234 et
711 1163 840 1233 auxiliis
856 1164 1033 1233 hom'mum
1046 1178 1154 1257 ‘atque
1170 1188 1334 1257 equorum
1349 1188 1370 1232 a

287 1272 434 1342 finitimis
455 1273 622 1361 collectiS,
642 1271 825 1367 Galliaeque
838 1272 946 1339 omnis
960 1269 1111 1339 exulibus
1121 1284 1221 1364 atque
1229 1269 1370 1340 damna·

285 1380 328 1449 tis
347 1380 390 1449 ad
409 1406 444 1449 se
459 1379 580 1449 blanda
599 1404 698 1475 prece
713 1366 864 1464 allectis,
885 1382 924 1446 et‘
937 1402 996 1471 spe
1017 1377 1113 1446 uberi
1131 1379 1369 1471 praemiorum,

285 1485 329 1554 ad
348 1486 536 1557 invadenda
557 1488 696 1556 Labieni
718 1500 828 1555 castra
846 1484 1068 1580 progreditur.
1090 1483 1151 1553 Ille
1173 1499 1306 1572 autem,
1328 1500 1369 1555 ut

283 1592 407 1661 horum
422 1592 504 1663 nihil
520 1594 713 1690 ignorabat,
734 1594 783 1661 sie
803 1591 850 1660 nil
872 1593 1004 1687 penitus
1020 1593 1159 1660 omnino
1177 1592 1366 1685 metuebat,

236 1723 239 1738 ·
284 1700 349 1768 situ
372 1715 406 1769 et
426 1702 610 1769 munimine
632 1699 697 1769 loci
718 1697 822 1767 fisus:
844 1697 1015 1792 quaerebat
1031 1710 1160 1786 tamen,
1176 1698 1367 1770 ardentissi·
1403 1775 1405 1780 ,

281 1830 340 1875 mo
360 1806 449 1876 hosti
467 1809 493 1875 si
512 1832 577 1902 qua
598 1806 741 1875 nocendi
760 1830 795 1874 se
813 1804 953 1874 offerret
963 1807 1103 1873 occasio.
1118 1808 1159 1872 In
1174 1804 1241 1874 hoc
1257 1831 1366 1879 unum

218 1950 222 1957 ·
280 1913 445 2001 intentus,
465 1914 715 2008 Cingetorigem
738 1927 772 1980 et
797 1913 921 1980 amicos
943 1909 1024 1979 alios
1047 1913 1171 1981 nuntiis
1192 1910 1365 2004 sollicitat,

279 2024 319 2087 ut
338 2017 382 2088 ad
400 2032 530 2089 certum
551 2018 638 2087 diem
661 2018 741 2105 sibi,
760 2032 886 2112 quanto
904 2016 1038 2085 valeant
1055 2020 1222 2112 equitatu,
1242 2020 1362 2091 adsint

279 2127 401 2194 Parere
422 2139 543 2220 parant
563 2149 691 2194 omnes.
716 2124 850 2193 Interea
870 2123 1146 2213 Indutiomarus,
1162 2148 1253 2195 nune
1268 2127 1362 2198 inex·

278 2231 493 2327 pugnabilem
503 2230 568 2299 loci
581 2234 680 2300 situm
697 2232 850 2319 intuens,
864 2254 955 2299 nunc
971 2233 1094 2319 minas,
1108 2246 1143 2300 et
1153 2230 1219 2301 tela
1232 2232 1361 2327 jaciens

278 2340 313 2405 in
325 2337 410 2427 dies,
425 2339 620 2432 propinquis
638 2338 755 2407 castris
773 2338 959 2430 obequitat3
973 2351 1008 2405 et
1018 2337 1185 2408 Labienus
1201 2340 1236 2406 in
1249 2356 1359 2412 castra

278 2468 348 2514 sese
381 2445 572 2538 eontinenS,
592 2444 754 2539 majorem
778 2442 926 2538 quotidie
950 2457 1079 2514 metum
1104 2444 1219 2542 fingit,
1241 2452 1360 2545 magis-
1480 2487 1483 2525 π

276 2573 341 2644 que
365 2566 400 2620 et
419 2553 524 2647 magis
540 2551 687 2619 hostium
711 2553 833 2620 crescit
852 2549 1007 2639 audacia,
1025 2550 1134 2622 donee
1158 2555 1357 2630 intromissis

275 2656 464 2754 clanculum
496 2655 686 2752 equitibus,
715 2659 915 2753 intempesta
942 2671 1064 2746 nocte,
1093 2673 1127 2727 et
1159 2685 1196 2728 re
1223 2685 1356 2735 summo
1478 2731 1479 2737 ,

274 2764 385 2834 studio
407 2779 601 2860 suppressa,¹
625 2778 664 2832 ut
688 2787 751 2834 neo
777 2766 869 2851 sciri,
896 2788 959 2832 nac
989 2763 1064 2834 ullis
1085 2764 1216 2836 indiciis
1240 2787 1357 2864 posset
1476 2809 1478 2839 1

273 2869 428 2966 intelligi,
448 2895 583 2940 reversa
602 2867 700 2958 luce,
721 2870 793 2966 ipse
814 2872 915 2939 etiam
929 2869 1184 2943 Indutiomarus
1198 2897 1356 2948 armore

273 2973 475 3066 revertitur,
491 2992 525 3046 et
538 2976 676 3046 insultat
692 2979 824 3065 castris,
837 2979 991 3070 intraque
1005 2977 1131 3048 vallum
1145 2980 1212 3050 tela
1221 2982 1355 3075 jaciun-
1474 3022 1477 3062 1

195 3155 196 3158 ,
271 3098 329 3152 tur
341 3107 360 3152 a
373 3086 459 3172 suis,
476 3099 511 3152 et
524 3087 808 3179 contemptissime
828 3084 1099 3154 romanimilites
1116 3085 1189 3156 altis
1210 3091 1353 3162 vocibus
1473 3104 1475 3179 j

271 3189 314 3258 ad
334 3189 483 3285 praelium
503 3190 720 3260 advocantur.
739 3192 918 3260 Obstinato
936 3189 984 3259 illi
995 3190 1125 3262 silentio
1142 3219 1213 3264 sese
1225 3209 1350 3269 tenent
1473 3182 1474 3197 ἵ

269 3294 359 3365 Galli
378 3295 453 3366 loeo
475 3296 635 3385 multum,
655 3295 736 3366 nihil
757 3297 908 3366 hostibus
929 3299 1130 3388 tribuentes,
1152 3302 1287 3373 tandem
1305 3307 1350 3376 ad

266 3427 442 3498 vesperam
464 3419 501 3472 ut
523 3401 692 3492 solebant,
708 3403 806 3473 taedio
823 3403 915 3492 fessi,
934 3407 1079 3500 sparsim·
1092 3407 1225 3478 abeunt
1238 3412 1350 3501 -Quos

266 3508 324 3579 ubi
346 3508 412 3579 late
435 3510 559 3580 effusos
582 3511 750 3579 Labienus
766 3503 865 3598 vidit,
886 3511 1014 3599 subito,
1033 3513 1350 3608 patefactiseastro·

266 3641 341 3685 rum
373 3618 495 3712 portis,
521 3640 697 3710 erumpere
730 3618 915 3711 equitatum
945 3619 1056 3711 jubet,
1080 3617 1349 3720 praesagiensque

266 3722 356 3818 quod
371 3724 518 3820 ¹atecidit3
541 3725 675 3808 Nemo,
696 3724 823 3818 inquit,
845 3725 1135 3819 alt'quemfirtitt,
1162 3729 1273 3800 dome
1290 3737 1348 3802 1η.

262 3831 482 3901 ductbmarur
502 3829 701 3920 interfectio
723 3837 786 3918 sit,
808 3832 962 3924 nefitrte
982 3834 1072 3902 alios
1079 3834 1272 3926 firmado,
1287 3841 1348 3909 ille

261 3943 413 4034 spatium
430 3936 563 4006 habeat
578 3937 771 4007 evadendi:
786 3953 899 4007 tamen
914 3941 1050 4033 praemia
1068 3941 1344 4016 interficientibus

260 4045 420 4141 proponit
446 4045 600 4137 ingentia.
632 4045 734 4133 Mox,
764 4046 904 4140 egressis
931 4047 1128 4141 equitibus,
1157 4048 1342 4122 electorum

260 4152 410 4250 peditum
418 4150 582 4222 submittit
592 4143 779 4240 auxilia3ut
786 4153 869 4247 jussi
877 4168 990 4242 erant,
1006 4153 1141 4226 faciunt.
1154 4159 1343 4253 Inopinaoe
