<?xml version="1.0" encoding="UTF-8"?>
<!DOCTYPE html PUBLIC "-//W3C//DTD XHTML 1.0 Transitional//EN"
    "http://www.w3.org/TR/xhtml1/DTD/xhtml1-transitional.dtd">
<html xmlns="http://www.w3.org/1999/xhtml" xml:lang="en" lang="en">
 <head>
  <title>
</title>
<meta http-equiv="Content-Type" content="text/html;charset=utf-8" />
  <meta name='ocr-system' content='tesseract 3.04.00' />
  <meta name='ocr-capabilities' content='ocr_page ocr_carea ocr_par ocr_line ocrx_word'/>
</head>
<body>
  <div class='ocr_page' id='page_1' title='image "./caiusjuliuscsar00unkngoog_0079.png"; bbox 0 0 3000 5025; ppageno 0'>
   <div class='ocr_carea' id='block_1_1' title="bbox 307 440 1169 545">
    <p class='ocr_par' dir='ltr' id='par_1_1' title="bbox 307 440 1169 545">
     <span class='ocr_line' id='line_1_1' title="bbox 307 440 1169 545; baseline -0.005 -32"><span class='ocrx_word' id='word_1_1' title='bbox 307 444 357 531; x_wconf 70' lang='lat'><strong>48</strong></span> <span class='ocrx_word' id='word_1_2' title='bbox 520 446 549 541; x_wconf 84' lang='lat' dir='ltr'><strong>t.</strong></span> <span class='ocrx_word' id='word_1_3' title='bbox 580 442 737 545; x_wconf 80' lang='lat' dir='ltr'><strong>cuusr</strong></span> <span class='ocrx_word' id='word_1_4' title='bbox 766 440 1169 542; x_wconf 70' lang='lat' dir='ltr'><strong>commeantum</strong></span> 
     </span>
    </p>
   </div>
   <div class='ocr_carea' id='block_1_2' title="bbox 230 574 1468 4204">
    <p class='ocr_par' dir='ltr' id='par_1_2' title="bbox 303 574 1393 778">
     <span class='ocr_line' id='line_1_2' title="bbox 304 574 1393 673; baseline 0 -26"><span class='ocrx_word' id='word_1_5' title='bbox 304 593 379 663; x_wconf 76' lang='lat' dir='ltr'><strong>tam</strong></span> <span class='ocrx_word' id='word_1_6' title='bbox 396 581 471 647; x_wconf 79' lang='lat' dir='ltr'><strong>mut</strong></span> <span class='ocrx_word' id='word_1_7' title='bbox 485 602 560 646; x_wconf 83' lang='lat' dir='ltr'><strong>esse</strong></span> <span class='ocrx_word' id='word_1_8' title='bbox 578 581 712 661; x_wconf 78' lang='lat' dir='ltr'><strong>auimo,</strong></span> <span class='ocrx_word' id='word_1_9' title='bbox 733 590 771 643; x_wconf 87' lang='lat' dir='ltr'><strong>et</strong></span> <span class='ocrx_word' id='word_1_10' title='bbox 781 575 883 671; x_wconf 80' lang='lat' dir='ltr'><strong>apud</strong></span> <span class='ocrx_word' id='word_1_11' title='bbox 895 599 972 644; x_wconf 88' lang='lat' dir='ltr'><strong>eum</strong></span> <span class='ocrx_word' id='word_1_12' title='bbox 989 574 1128 647; x_wconf 73' lang='lat' dir='ltr'><strong>AErttos</strong></span> <span class='ocrx_word' id='word_1_13' title='bbox 1140 591 1278 657; x_wconf 75' lang='lat' dir='ltr'><strong>tuntum¹</strong></span> <span class='ocrx_word' id='word_1_14' title='bbox 1281 600 1393 673; x_wconf 80' lang='lat' dir='ltr'><strong>posse</strong></span> 
     </span>
     <span class='ocr_line' id='line_1_3' title="bbox 303 681 1393 778; baseline 0 -25"><span class='ocrx_word' id='word_1_15' title='bbox 303 689 498 753; x_wconf 77' lang='lat' dir='ltr'><em>innotuerit.</em></span> <span class='ocrx_word' id='word_1_16' title='bbox 511 685 637 752; x_wconf 83' lang='lat' dir='ltr'><strong>Annuit</strong></span> <span class='ocrx_word' id='word_1_17' title='bbox 645 686 768 770; x_wconf 87' lang='lat' dir='ltr'><strong>Caesar,</strong></span> <span class='ocrx_word' id='word_1_18' title='bbox 775 706 875 775; x_wconf 89' lang='lat' dir='ltr'><strong>seque</strong></span> <span class='ocrx_word' id='word_1_19' title='bbox 881 697 915 751; x_wconf 91' lang='lat' dir='ltr'><strong>et</strong></span> <span class='ocrx_word' id='word_1_20' title='bbox 921 683 1079 751; x_wconf 83' lang='lat' dir='ltr'><strong>Divitiaci</strong></span> <span class='ocrx_word' id='word_1_21' title='bbox 1086 698 1120 751; x_wconf 92' lang='lat' dir='ltr'><strong>et</strong></span> <span class='ocrx_word' id='word_1_22' title='bbox 1125 681 1311 752; x_wconf 86' lang='lat' dir='ltr'><strong>AEduorum</strong></span> <span class='ocrx_word' id='word_1_23' title='bbox 1318 710 1393 778; x_wconf 87' lang='lat' dir='ltr'><strong>gra-</strong></span> 
     </span>
    </p>

    <p class='ocr_par' dir='ltr' id='par_1_3' title="bbox 262 784 1448 1741">
     <span class='ocr_line' id='line_1_4' title="bbox 304 784 1448 884; baseline 0.002 -25"><span class='ocrx_word' id='word_1_24' title='bbox 304 791 352 859; x_wconf 86' lang='lat' dir='ltr'><strong>tia</strong></span> <span class='ocrx_word' id='word_1_25' title='bbox 371 790 565 860; x_wconf 86' lang='lat' dir='ltr'><strong>Bellovacos</strong></span> <span class='ocrx_word' id='word_1_26' title='bbox 586 792 749 884; x_wconf 86' lang='lat' dir='ltr'><strong>recipere,</strong></span> <span class='ocrx_word' id='word_1_27' title='bbox 772 814 895 883; x_wconf 90' lang='lat' dir='ltr'><strong>eosque</strong></span> <span class='ocrx_word' id='word_1_28' title='bbox 916 813 952 857; x_wconf 92' lang='lat' dir='ltr'><strong>se</strong></span> <span class='ocrx_word' id='word_1_29' title='bbox 973 786 1157 857; x_wconf 87' lang='lat' dir='ltr'><strong>incolumes</strong></span> <span class='ocrx_word' id='word_1_30' title='bbox 1177 784 1392 880; x_wconf 69' lang='lat' dir='ltr'><strong>servaturum</strong></span> <span class='ocrx_word' id='word_1_31' title='bbox 1445 799 1448 802; x_wconf 81' lang='grc'><strong>’</strong></span> 
     </span>
     <span class='ocr_line' id='line_1_5' title="bbox 304 895 1392 993; baseline 0.004 -28"><span class='ocrx_word' id='word_1_32' title='bbox 304 896 395 993; x_wconf 86' lang='lat' dir='ltr'><strong>bona</strong></span> <span class='ocrx_word' id='word_1_33' title='bbox 410 898 477 965; x_wconf 91' lang='lat' dir='ltr'><strong>fide</strong></span> <span class='ocrx_word' id='word_1_34' title='bbox 492 897 664 991; x_wconf 65' lang='lat' dir='ltr'><strong>professus,</strong></span> <span class='ocrx_word' id='word_1_35' title='bbox 681 910 747 984; x_wconf 73' lang='lat' dir='ltr'><strong>est,</strong></span> <span class='ocrx_word' id='word_1_36' title='bbox 767 895 896 964; x_wconf 89' lang='lat' dir='ltr'><strong>traditis</strong></span> <span class='ocrx_word' id='word_1_37' title='bbox 910 910 1022 964; x_wconf 89' lang='lat' dir='ltr'><strong>tamen</strong></span> <span class='ocrx_word' id='word_1_38' title='bbox 1037 896 1137 964; x_wconf 86' lang='lat' dir='ltr'><strong>armis</strong></span> <span class='ocrx_word' id='word_1_39' title='bbox 1154 897 1330 985; x_wconf 86' lang='lat' dir='ltr'><strong>omnibus,</strong></span> <span class='ocrx_word' id='word_1_40' title='bbox 1348 923 1392 969; x_wconf 88' lang='lat' dir='ltr'><strong>ac</strong></span> 
     </span>
     <span class='ocr_line' id='line_1_6' title="bbox 304 1004 1392 1097; baseline 0.001 -25"><span class='ocrx_word' id='word_1_41' title='bbox 304 1006 467 1073; x_wconf 81' lang='lat' dir='ltr'>sexcentis</span> <span class='ocrx_word' id='word_1_42' title='bbox 481 1004 669 1090; x_wconf 92' lang='lat' dir='ltr'><strong>obsidibus,</strong></span> <span class='ocrx_word' id='word_1_43' title='bbox 684 1028 828 1097; x_wconf 88' lang='lat' dir='ltr'><strong>quorum</strong></span> <span class='ocrx_word' id='word_1_44' title='bbox 850 1017 981 1071; x_wconf 85' lang='lat' dir='ltr'><strong>tantum</strong></span> <span class='ocrx_word' id='word_1_45' title='bbox 996 1026 1174 1070; x_wconf 89' lang='lat' dir='ltr'><strong>numerum</strong></span> <span class='ocrx_word' id='word_1_46' title='bbox 1191 1018 1228 1071; x_wconf 92' lang='lat' dir='ltr'><strong>ut</strong></span> <span class='ocrx_word' id='word_1_47' title='bbox 1243 1018 1392 1097; x_wconf 90' lang='lat' dir='ltr'><strong>peteret,</strong></span> 
     </span>
     <span class='ocr_line' id='line_1_7' title="bbox 262 1108 1391 1204; baseline 0.004 -26"><span class='ocrx_word' id='word_1_48' title='bbox 262 1184 264 1189; x_wconf 62' lang='grc'>,</span> <span class='ocrx_word' id='word_1_49' title='bbox 302 1110 395 1179; x_wconf 92' lang='lat' dir='ltr'><strong>urbis</strong></span> <span class='ocrx_word' id='word_1_50' title='bbox 414 1110 574 1179; x_wconf 83' lang='lat' dir='ltr'>suadebat</span> <span class='ocrx_word' id='word_1_51' title='bbox 594 1135 633 1179; x_wconf 88' lang='lat' dir='ltr'><strong>ao</strong></span> <span class='ocrx_word' id='word_1_52' title='bbox 652 1108 769 1204; x_wconf 93' lang='lat' dir='ltr'><strong>populi</strong></span> <span class='ocrx_word' id='word_1_53' title='bbox 789 1108 993 1203; x_wconf 82' lang='lat' dir='ltr'><strong>magnitudo.</strong></span> <span class='ocrx_word' id='word_1_54' title='bbox 1013 1108 1097 1177; x_wconf 90' lang='lat' dir='ltr'><strong>Inde</strong></span> <span class='ocrx_word' id='word_1_55' title='bbox 1116 1109 1288 1198; x_wconf 81' lang='lat' dir='ltr'><strong>Ambiani,</strong></span> <span class='ocrx_word' id='word_1_56' title='bbox 1302 1110 1391 1183; x_wconf 91' lang='lat' dir='ltr'><strong>fines</strong></span> 
     </span>
     <span class='ocr_line' id='line_1_8' title="bbox 302 1216 1410 1311; baseline 0.002 -26"><span class='ocrx_word' id='word_1_57' title='bbox 302 1241 419 1285; x_wconf 90' lang='lat' dir='ltr'><strong>eorum</strong></span> <span class='ocrx_word' id='word_1_58' title='bbox 435 1219 585 1311; x_wconf 89' lang='lat' dir='ltr'><strong>ingresso</strong></span> <span class='ocrx_word' id='word_1_59' title='bbox 599 1218 741 1306; x_wconf 85' lang='lat' dir='ltr'><strong>Caesari,</strong></span> <span class='ocrx_word' id='word_1_60' title='bbox 756 1218 868 1286; x_wconf 89' lang='lat' dir='ltr'><strong>statim</strong></span> <span class='ocrx_word' id='word_1_61' title='bbox 886 1240 921 1285; x_wconf 92' lang='lat' dir='ltr'><strong>se</strong></span> <span class='ocrx_word' id='word_1_62' title='bbox 942 1240 1067 1309; x_wconf 87' lang='lat' dir='ltr'><strong>suaque</strong></span> <span class='ocrx_word' id='word_1_63' title='bbox 1085 1219 1197 1285; x_wconf 90' lang='lat' dir='ltr'><strong>omnia</strong></span> <span class='ocrx_word' id='word_1_64' title='bbox 1218 1216 1388 1288; x_wconf 83' lang='lat' dir='ltr'><strong>dedidere.</strong></span> <span class='ocrx_word' id='word_1_65' title='bbox 1407 1228 1410 1231; x_wconf 52' lang='lat'><strong>⁴</strong></span> 
     </span>
     <span class='ocr_line' id='line_1_9' title="bbox 356 1323 1410 1418; baseline -0.001 -23"><span class='ocrx_word' id='word_1_66' title='bbox 356 1326 473 1395; x_wconf 88' lang='lat' dir='ltr'><strong>Nervii</strong></span> <span class='ocrx_word' id='word_1_67' title='bbox 492 1324 677 1417; x_wconf 80' lang='lat' dir='ltr'><strong>restabant3</strong></span> <span class='ocrx_word' id='word_1_68' title='bbox 693 1323 788 1393; x_wconf 84' lang='lat' dir='ltr'><strong>ferox</strong></span> <span class='ocrx_word' id='word_1_69' title='bbox 806 1348 931 1418; x_wconf 89' lang='lat' dir='ltr'><strong>genus,</strong></span> <span class='ocrx_word' id='word_1_70' title='bbox 949 1337 984 1391; x_wconf 89' lang='lat' dir='ltr'><strong>et</strong></span> <span class='ocrx_word' id='word_1_71' title='bbox 1002 1324 1243 1393; x_wconf 85' lang='lat' dir='ltr'><strong>mercatoribus</strong></span> <span class='ocrx_word' id='word_1_72' title='bbox 1266 1324 1388 1413; x_wconf 83' lang='lat' dir='ltr'><strong>adver·</strong></span> <span class='ocrx_word' id='word_1_73' title='bbox 1407 1352 1410 1355; x_wconf 87' lang='lat'>·</span> 
     </span>
     <span class='ocr_line' id='line_1_10' title="bbox 302 1430 1389 1526; baseline -0.001 -25"><span class='ocrx_word' id='word_1_74' title='bbox 302 1456 397 1518; x_wconf 79' lang='lat' dir='ltr'><strong>sum3</strong></span> <span class='ocrx_word' id='word_1_75' title='bbox 416 1432 468 1499; x_wconf 89' lang='lat' dir='ltr'><strong>his</strong></span> <span class='ocrx_word' id='word_1_76' title='bbox 498 1432 682 1526; x_wconf 82' lang='lat' dir='ltr'><strong>praesertim</strong></span> <span class='ocrx_word' id='word_1_77' title='bbox 710 1432 769 1525; x_wconf 90' lang='lat' dir='ltr'><strong>qui</strong></span> <span class='ocrx_word' id='word_1_78' title='bbox 792 1430 925 1500; x_wconf 89' lang='lat' dir='ltr'><strong>delicias</strong></span> <span class='ocrx_word' id='word_1_79' title='bbox 951 1443 1010 1497; x_wconf 91' lang='lat' dir='ltr'><strong>aut</strong></span> <span class='ocrx_word' id='word_1_80' title='bbox 1033 1431 1112 1497; x_wconf 88' lang='lat' dir='ltr'><strong>vina</strong></span> <span class='ocrx_word' id='word_1_81' title='bbox 1138 1431 1389 1523; x_wconf 71' lang='lat' dir='ltr'><strong>conveherent,</strong></span> 
     </span>
     <span class='ocr_line' id='line_1_11' title="bbox 301 1536 1388 1633; baseline 0.003 -27"><span class='ocrx_word' id='word_1_82' title='bbox 301 1540 459 1633; x_wconf 90' lang='lat' dir='ltr'><strong>opinione</strong></span> <span class='ocrx_word' id='word_1_83' title='bbox 475 1540 589 1626; x_wconf 88' lang='lat' dir='ltr'><strong>insita,</strong></span> <span class='ocrx_word' id='word_1_84' title='bbox 604 1539 757 1606; x_wconf 87' lang='lat' dir='ltr'><strong>enervari</strong></span> <span class='ocrx_word' id='word_1_85' title='bbox 771 1537 871 1607; x_wconf 93' lang='lat' dir='ltr'><strong>rebus</strong></span> <span class='ocrx_word' id='word_1_86' title='bbox 886 1536 1041 1606; x_wconf 89' lang='lat' dir='ltr'><strong>mollibus</strong></span> <span class='ocrx_word' id='word_1_87' title='bbox 1059 1538 1207 1626; x_wconf 90' lang='lat' dir='ltr'><strong>animos,</strong></span> <span class='ocrx_word' id='word_1_88' title='bbox 1222 1552 1257 1606; x_wconf 90' lang='lat' dir='ltr'><strong>et</strong></span> <span class='ocrx_word' id='word_1_89' title='bbox 1271 1561 1291 1605; x_wconf 91' lang='lat' dir='ltr'><strong>a</strong></span> <span class='ocrx_word' id='word_1_90' title='bbox 1305 1539 1388 1610; x_wconf 91' lang='lat' dir='ltr'><strong>belli</strong></span> 
     </span>
     <span class='ocr_line' id='line_1_12' title="bbox 301 1643 1388 1741; baseline 0.003 -27"><span class='ocrx_word' id='word_1_91' title='bbox 301 1645 420 1715; x_wconf 87' lang='lat' dir='ltr'><strong>studiis</strong></span> <span class='ocrx_word' id='word_1_92' title='bbox 438 1644 616 1741; x_wconf 80' lang='lat' dir='ltr'><strong>elanguere</strong></span> <span class='ocrx_word' id='word_1_93' title='bbox 628 1669 668 1714; x_wconf 90' lang='lat' dir='ltr'><strong>ac</strong></span> <span class='ocrx_word' id='word_1_94' title='bbox 683 1643 882 1733; x_wconf 79' lang='lat' dir='ltr'><strong>lentescere3</strong></span> <span class='ocrx_word' id='word_1_95' title='bbox 903 1645 968 1712; x_wconf 90' lang='lat' dir='ltr'><strong>viri</strong></span> <span class='ocrx_word' id='word_1_96' title='bbox 985 1668 1095 1732; x_wconf 88' lang='lat' dir='ltr'><strong>acres,</strong></span> <span class='ocrx_word' id='word_1_97' title='bbox 1108 1645 1230 1737; x_wconf 92' lang='lat' dir='ltr'><strong>quibus</strong></span> <span class='ocrx_word' id='word_1_98' title='bbox 1246 1659 1388 1717; x_wconf 83' lang='lat' dir='ltr'><strong>caeteros</strong></span> 
     </span>
    </p>

    <p class='ocr_par' dir='ltr' id='par_1_4' title="bbox 237 1750 1468 3342">
     <span class='ocr_line' id='line_1_13' title="bbox 301 1750 1468 1856; baseline 0.003 -37"><span class='ocrx_word' id='word_1_99' title='bbox 301 1776 321 1819; x_wconf 91' lang='lat' dir='ltr'><strong>a</strong></span> <span class='ocrx_word' id='word_1_100' title='bbox 348 1752 456 1847; x_wconf 83' lang='lat' dir='ltr'><strong>patria</strong></span> <span class='ocrx_word' id='word_1_101' title='bbox 481 1754 606 1821; x_wconf 88' lang='lat' dir='ltr'><strong>virtute</strong></span> <span class='ocrx_word' id='word_1_102' title='bbox 629 1750 890 1846; x_wconf 83' lang='lat' dir='ltr'><strong>degenerantes,</strong></span> <span class='ocrx_word' id='word_1_103' title='bbox 908 1753 966 1846; x_wconf 91' lang='lat' dir='ltr'><strong>qui</strong></span> <span class='ocrx_word' id='word_1_104' title='bbox 988 1775 1023 1819; x_wconf 91' lang='lat' dir='ltr'><strong>se</strong></span> <span class='ocrx_word' id='word_1_105' title='bbox 1046 1753 1169 1820; x_wconf 81' lang='lat' dir='ltr'><strong>Caesari</strong></span> <span class='ocrx_word' id='word_1_106' title='bbox 1192 1766 1260 1821; x_wconf 87' lang='lat' dir='ltr'><strong>tam</strong></span> <span class='ocrx_word' id='word_1_107' title='bbox 1285 1752 1387 1823; x_wconf 85' lang='lat' dir='ltr'><strong>facile</strong></span> <span class='ocrx_word' id='word_1_108' title='bbox 1464 1848 1468 1856; x_wconf 60' lang='lat'><strong>.</strong></span> 
     </span>
     <span class='ocr_line' id='line_1_14' title="bbox 301 1858 1386 1959; baseline 0.004 -33"><span class='ocrx_word' id='word_1_109' title='bbox 301 1858 530 1959; x_wconf 85' lang='lat' dir='ltr'><strong>tradidissent,</strong></span> <span class='ocrx_word' id='word_1_110' title='bbox 542 1858 681 1927; x_wconf 89' lang='lat' dir='ltr'><strong>irridere</strong></span> <span class='ocrx_word' id='word_1_111' title='bbox 700 1861 807 1954; x_wconf 87' lang='lat' dir='ltr'><strong>magis</strong></span> <span class='ocrx_word' id='word_1_112' title='bbox 826 1874 861 1930; x_wconf 91' lang='lat' dir='ltr'><strong>et</strong></span> <span class='ocrx_word' id='word_1_113' title='bbox 876 1882 1017 1953; x_wconf 82' lang='lat' dir='ltr'><strong>arguere</strong></span> <span class='ocrx_word' id='word_1_114' title='bbox 1032 1882 1133 1951; x_wconf 90' lang='lat' dir='ltr'><strong>quam</strong></span> <span class='ocrx_word' id='word_1_115' title='bbox 1148 1860 1271 1938; x_wconf 88' lang='lat' dir='ltr'><strong>imitari</strong></span> <span class='ocrx_word' id='word_1_116' title='bbox 1287 1885 1386 1931; x_wconf 89' lang='lat' dir='ltr'><strong>mens</strong></span> 
     </span>
     <span class='ocr_line' id='line_1_15' title="bbox 300 1964 1386 2060; baseline 0.002 -27"><span class='ocrx_word' id='word_1_117' title='bbox 300 1980 403 2051; x_wconf 88' lang='lat' dir='ltr'><strong>esset,</strong></span> <span class='ocrx_word' id='word_1_118' title='bbox 422 1979 480 2033; x_wconf 92' lang='lat' dir='ltr'><strong>aut</strong></span> <span class='ocrx_word' id='word_1_119' title='bbox 503 1964 629 2059; x_wconf 88' lang='lat' dir='ltr'><strong>legatos</strong></span> <span class='ocrx_word' id='word_1_120' title='bbox 651 1966 806 2053; x_wconf 90' lang='lat' dir='ltr'><strong>mittere,</strong></span> <span class='ocrx_word' id='word_1_121' title='bbox 824 1979 884 2035; x_wconf 91' lang='lat' dir='ltr'><strong>aut</strong></span> <span class='ocrx_word' id='word_1_122' title='bbox 905 1964 1007 2033; x_wconf 89' lang='lat' dir='ltr'><strong>ullam</strong></span> <span class='ocrx_word' id='word_1_123' title='bbox 1026 1964 1253 2033; x_wconf 88' lang='lat' dir='ltr'><strong>conditionem</strong></span> <span class='ocrx_word' id='word_1_124' title='bbox 1272 1969 1386 2060; x_wconf 88' lang='lat' dir='ltr'><strong>pacis,</strong></span> 
     </span>
     <span class='ocr_line' id='line_1_16' title="bbox 300 2069 1385 2166; baseline 0.005 -27"><span class='ocrx_word' id='word_1_125' title='bbox 300 2069 354 2139; x_wconf 71' lang='lat' dir='ltr'><strong>vel</strong></span> <span class='ocrx_word' id='word_1_126' title='bbox 364 2073 502 2141; x_wconf 89' lang='lat' dir='ltr'><strong>summis</strong></span> <span class='ocrx_word' id='word_1_127' title='bbox 513 2072 649 2139; x_wconf 88' lang='lat' dir='ltr'><strong>auribus</strong></span> <span class='ocrx_word' id='word_1_128' title='bbox 661 2072 840 2140; x_wconf 79' lang='lat' dir='ltr'><strong>audirethi</strong></span> <span class='ocrx_word' id='word_1_129' title='bbox 852 2070 1048 2166; x_wconf 86' lang='lat' dir='ltr'><strong>quidem,et</strong></span> <span class='ocrx_word' id='word_1_130' title='bbox 1059 2096 1137 2139; x_wconf 91' lang='lat' dir='ltr'><strong>cum</strong></span> <span class='ocrx_word' id='word_1_131' title='bbox 1147 2074 1194 2142; x_wconf 88' lang='lat' dir='ltr'><strong>eis</strong></span> <span class='ocrx_word' id='word_1_132' title='bbox 1206 2072 1385 2144; x_wconf 89' lang='lat' dir='ltr'><strong>Atrebates</strong></span> 
     </span>
     <span class='ocr_line' id='line_1_17' title="bbox 299 2176 1386 2275; baseline 0.003 -30"><span class='ocrx_word' id='word_1_133' title='bbox 299 2201 339 2247; x_wconf 88' lang='lat' dir='ltr'><strong>ac</strong></span> <span class='ocrx_word' id='word_1_134' title='bbox 353 2176 584 2247; x_wconf 89' lang='lat' dir='ltr'><strong>Veromandui</strong></span> <span class='ocrx_word' id='word_1_135' title='bbox 598 2192 691 2247; x_wconf 87' lang='lat' dir='ltr'><strong>trans</strong></span> <span class='ocrx_word' id='word_1_136' title='bbox 705 2178 847 2275; x_wconf 82' lang='lat' dir='ltr'><strong>fluvium</strong></span> <span class='ocrx_word' id='word_1_137' title='bbox 862 2178 964 2247; x_wconf 90' lang='lat' dir='ltr'><strong>Sabin</strong></span> <span class='ocrx_word' id='word_1_138' title='bbox 979 2178 1165 2271; x_wconf 88' lang='lat' dir='ltr'><strong>conjunctis</strong></span> <span class='ocrx_word' id='word_1_139' title='bbox 1181 2181 1303 2274; x_wconf 85' lang='lat' dir='ltr'><strong>copiis,</strong></span> <span class='ocrx_word' id='word_1_140' title='bbox 1314 2182 1386 2249; x_wconf 76' lang='lat' dir='ltr'><strong>Cae</strong></span> 
     </span>
     <span class='ocr_line' id='line_1_18' title="bbox 300 2275 1383 2381; baseline 0.005 -30"><span class='ocrx_word' id='word_1_141' title='bbox 300 2308 407 2353; x_wconf 87' lang='lat' dir='ltr'><strong>sarem</strong></span> <span class='ocrx_word' id='word_1_142' title='bbox 427 2275 656 2379; x_wconf 77' lang='lat' dir='ltr'><strong>expectabant.</strong></span> <span class='ocrx_word' id='word_1_143' title='bbox 679 2284 846 2353; x_wconf 82' lang='lat' dir='ltr'><strong>Aduatuci</strong></span> <span class='ocrx_word' id='word_1_144' title='bbox 869 2310 1022 2379; x_wconf 91' lang='lat' dir='ltr'><strong>quoque,</strong></span> <span class='ocrx_word' id='word_1_145' title='bbox 1043 2287 1091 2354; x_wconf 89' lang='lat' dir='ltr'><strong>sic</strong></span> <span class='ocrx_word' id='word_1_146' title='bbox 1109 2287 1199 2353; x_wconf 89' lang='lat' dir='ltr'><strong>enim</strong></span> <span class='ocrx_word' id='word_1_147' title='bbox 1219 2287 1383 2381; x_wconf 88' lang='lat' dir='ltr'><strong>scripturn</strong></span> 
     </span>
     <span class='ocr_line' id='line_1_19' title="bbox 298 2389 1383 2487; baseline 0.005 -31"><span class='ocrx_word' id='word_1_148' title='bbox 298 2389 456 2479; x_wconf 89' lang='lat' dir='ltr'><strong>invenio,</strong></span> <span class='ocrx_word' id='word_1_149' title='bbox 479 2394 571 2478; x_wconf 90' lang='lat' dir='ltr'><strong>sive,</strong></span> <span class='ocrx_word' id='word_1_150' title='bbox 590 2405 630 2459; x_wconf 90' lang='lat' dir='ltr'><strong>ut</strong></span> <span class='ocrx_word' id='word_1_151' title='bbox 653 2416 746 2479; x_wconf 88' lang='lat' dir='ltr'><strong>reor,</strong></span> <span class='ocrx_word' id='word_1_152' title='bbox 765 2392 911 2478; x_wconf 90' lang='lat' dir='ltr'><strong>Aduaci,</strong></span> <span class='ocrx_word' id='word_1_153' title='bbox 930 2405 968 2459; x_wconf 93' lang='lat' dir='ltr'><strong>ut</strong></span> <span class='ocrx_word' id='word_1_154' title='bbox 990 2394 1038 2460; x_wconf 90' lang='lat' dir='ltr'><strong>eis</strong></span> <span class='ocrx_word' id='word_1_155' title='bbox 1064 2416 1098 2460; x_wconf 91' lang='lat' dir='ltr'><strong>se</strong></span> <span class='ocrx_word' id='word_1_156' title='bbox 1121 2392 1383 2487; x_wconf 86' lang='lat' dir='ltr'><strong>conjungerent,</strong></span> 
     </span>
     <span class='ocr_line' id='line_1_20' title="bbox 298 2496 1383 2593; baseline 0.006 -29"><span class='ocrx_word' id='word_1_157' title='bbox 298 2498 532 2592; x_wconf 86' lang='lat' dir='ltr'><strong>properabant.</strong></span> <span class='ocrx_word' id='word_1_158' title='bbox 563 2500 676 2567; x_wconf 84' lang='lat' dir='ltr'><strong>Caesar</strong></span> <span class='ocrx_word' id='word_1_159' title='bbox 703 2496 930 2593; x_wconf 84' lang='lat' dir='ltr'><strong>exploratores</strong></span> <span class='ocrx_word' id='word_1_160' title='bbox 956 2523 1001 2588; x_wconf 35' lang='lat' dir='ltr'><strong>ac·</strong></span> <span class='ocrx_word' id='word_1_161' title='bbox 1023 2498 1144 2568; x_wconf 89' lang='lat' dir='ltr'><strong>deinde</strong></span> <span class='ocrx_word' id='word_1_162' title='bbox 1169 2501 1383 2571; x_wconf 87' lang='lat' dir='ltr'><strong>centuriones</strong></span> 
     </span>
     <span class='ocr_line' id='line_1_21' title="bbox 237 2603 1386 2700; baseline 0.003 -28"><span class='ocrx_word' id='word_1_163' title='bbox 237 2677 240 2683; x_wconf 55' lang='grc'>,</span> <span class='ocrx_word' id='word_1_164' title='bbox 298 2603 424 2674; x_wconf 84' lang='lat' dir='ltr'><strong>militiae</strong></span> <span class='ocrx_word' id='word_1_165' title='bbox 438 2607 564 2699; x_wconf 88' lang='lat' dir='ltr'><strong>peritos</strong></span> <span class='ocrx_word' id='word_1_166' title='bbox 580 2604 623 2672; x_wconf 85' lang='lat' dir='ltr'><strong>ad</strong></span> <span class='ocrx_word' id='word_1_167' title='bbox 639 2605 756 2698; x_wconf 49' lang='lat' dir='ltr'><strong>locum,</strong></span> <span class='ocrx_word' id='word_1_168' title='bbox 770 2607 887 2674; x_wconf 88' lang='lat' dir='ltr'><strong>castris</strong></span> <span class='ocrx_word' id='word_1_169' title='bbox 902 2603 1059 2674; x_wconf 90' lang='lat' dir='ltr'><strong>idoneum</strong></span> <span class='ocrx_word' id='word_1_170' title='bbox 1073 2606 1308 2700; x_wconf 90' lang='lat' dir='ltr'><strong>occupandum</strong></span> <span class='ocrx_word' id='word_1_171' title='bbox 1322 2611 1386 2676; x_wconf 91' lang='lat' dir='ltr'><strong>mi-</strong></span> 
     </span>
     <span class='ocr_line' id='line_1_22' title="bbox 297 2711 1382 2806; baseline 0.006 -28"><span class='ocrx_word' id='word_1_172' title='bbox 297 2725 394 2779; x_wconf 83' lang='lat' dir='ltr'><strong>serat.</strong></span> <span class='ocrx_word' id='word_1_173' title='bbox 414 2714 521 2780; x_wconf 87' lang='lat' dir='ltr'><strong>Erant</strong></span> <span class='ocrx_word' id='word_1_174' title='bbox 541 2726 653 2781; x_wconf 90' lang='lat' dir='ltr'><strong>tamen</strong></span> <span class='ocrx_word' id='word_1_175' title='bbox 674 2713 709 2781; x_wconf 90' lang='lat' dir='ltr'><strong>in</strong></span> <span class='ocrx_word' id='word_1_176' title='bbox 731 2736 872 2781; x_wconf 91' lang='lat' dir='ltr'><strong>romano</strong></span> <span class='ocrx_word' id='word_1_177' title='bbox 891 2714 1040 2780; x_wconf 83' lang='lat' dir='ltr'><strong>exercitu</strong></span> <span class='ocrx_word' id='word_1_178' title='bbox 1064 2711 1152 2781; x_wconf 90' lang='lat' dir='ltr'><strong>Galli</strong></span> <span class='ocrx_word' id='word_1_179' title='bbox 1174 2713 1311 2806; x_wconf 88' lang='lat' dir='ltr'><strong>quidam</strong></span> <span class='ocrx_word' id='word_1_180' title='bbox 1338 2740 1382 2784; x_wconf 84' lang='lat' dir='ltr'><strong>ex</strong></span> 
     </span>
     <span class='ocr_line' id='line_1_23' title="bbox 238 2815 1383 2912; baseline 0.003 -26"><span class='ocrx_word' id='word_1_181' title='bbox 238 2893 240 2896; x_wconf 56' lang='grc'><strong>,</strong></span> <span class='ocrx_word' id='word_1_182' title='bbox 296 2816 475 2906; x_wconf 86' lang='lat' dir='ltr'><strong>dedititiis,</strong></span> <span class='ocrx_word' id='word_1_183' title='bbox 497 2820 554 2912; x_wconf 87' lang='lat' dir='ltr'><strong>qui</strong></span> <span class='ocrx_word' id='word_1_184' title='bbox 575 2832 692 2888; x_wconf 87' lang='lat' dir='ltr'><strong>contra</strong></span> <span class='ocrx_word' id='word_1_185' title='bbox 716 2817 817 2887; x_wconf 88' lang='lat' dir='ltr'><strong>fidem</strong></span> <span class='ocrx_word' id='word_1_186' title='bbox 838 2821 1037 2888; x_wconf 90' lang='lat' dir='ltr'><strong>sacramenti</strong></span> <span class='ocrx_word' id='word_1_187' title='bbox 1058 2843 1168 2888; x_wconf 91' lang='lat' dir='ltr'><strong>mores</strong></span> <span class='ocrx_word' id='word_1_188' title='bbox 1188 2834 1222 2887; x_wconf 89' lang='lat' dir='ltr'><strong>et</strong></span> <span class='ocrx_word' id='word_1_189' title='bbox 1240 2815 1383 2890; x_wconf 85' lang='lat' dir='ltr'><strong>consilia</strong></span> 
     </span>
     <span class='ocr_line' id='line_1_24' title="bbox 297 2917 1382 3021; baseline 0.005 -30"><span class='ocrx_word' id='word_1_190' title='bbox 297 2926 527 2993; x_wconf 88' lang='lat' dir='ltr'><strong>Romanorum</strong></span> <span class='ocrx_word' id='word_1_191' title='bbox 548 2917 684 2995; x_wconf 87' lang='lat' dir='ltr'><strong>Nerviis</strong></span> <span class='ocrx_word' id='word_1_192' title='bbox 704 2927 891 3020; x_wconf 81' lang='lat' dir='ltr'><strong>aperirent3</strong></span> <span class='ocrx_word' id='word_1_193' title='bbox 913 2939 948 2994; x_wconf 89' lang='lat' dir='ltr'><strong>et</strong></span> <span class='ocrx_word' id='word_1_194' title='bbox 966 2950 1023 2994; x_wconf 90' lang='lat' dir='ltr'><strong>seu</strong></span> <span class='ocrx_word' id='word_1_195' title='bbox 1042 2920 1382 3021; x_wconf 13' lang='lat' dir='ltr'><strong>rerumnigriorantia,</strong></span> 
     </span>
     <span class='ocr_line' id='line_1_25' title="bbox 296 3029 1381 3128; baseline 0.005 -30"><span class='ocrx_word' id='word_1_196' title='bbox 296 3045 361 3098; x_wconf 66' lang='lat' dir='ltr'><strong>seu·</strong></span> <span class='ocrx_word' id='word_1_197' title='bbox 374 3029 517 3099; x_wconf 87' lang='lat' dir='ltr'><strong>naturali</strong></span> <span class='ocrx_word' id='word_1_198' title='bbox 536 3031 777 3101; x_wconf 87' lang='lat' dir='ltr'><strong>consuetudine</strong></span> <span class='ocrx_word' id='word_1_199' title='bbox 794 3031 995 3120; x_wconf 88' lang='lat' dir='ltr'><strong>mentiendi,</strong></span> <span class='ocrx_word' id='word_1_200' title='bbox 1012 3031 1223 3127; x_wconf 88' lang='lat' dir='ltr'><strong>addendique</strong></span> <span class='ocrx_word' id='word_1_201' title='bbox 1245 3059 1381 3128; x_wconf 89' lang='lat' dir='ltr'><strong>semper</strong></span> 
     </span>
     <span class='ocr_line' id='line_1_26' title="bbox 295 3135 1379 3236; baseline 0.006 -32"><span class='ocrx_word' id='word_1_202' title='bbox 295 3137 394 3206; x_wconf 90' lang='lat' dir='ltr'><strong>rebus</strong></span> <span class='ocrx_word' id='word_1_203' title='bbox 407 3136 552 3232; x_wconf 84' lang='lat' dir='ltr'><strong>aliquid,</strong></span> <span class='ocrx_word' id='word_1_204' title='bbox 571 3163 663 3232; x_wconf 87' lang='lat' dir='ltr'><strong>spem</strong></span> <span class='ocrx_word' id='word_1_205' title='bbox 683 3139 851 3225; x_wconf 86' lang='lat' dir='ltr'><strong>fecerant,</strong></span> <span class='ocrx_word' id='word_1_206' title='bbox 863 3139 890 3206; x_wconf 94' lang='lat' dir='ltr'><strong>si</strong></span> <span class='ocrx_word' id='word_1_207' title='bbox 903 3137 989 3206; x_wconf 85' lang='lat' dir='ltr'><strong>forte</strong></span> <span class='ocrx_word' id='word_1_208' title='bbox 1006 3135 1245 3234; x_wconf 88' lang='lat' dir='ltr'><strong>incompositos</strong></span> <span class='ocrx_word' id='word_1_209' title='bbox 1258 3166 1379 3236; x_wconf 85' lang='lat' dir='ltr'><strong>aggre-</strong></span> 
     </span>
     <span class='ocr_line' id='line_1_27' title="bbox 295 3235 1379 3342; baseline 0.005 -30"><span class='ocrx_word' id='word_1_210' title='bbox 295 3244 465 3333; x_wconf 91' lang='lat' dir='ltr'><strong>derentur,</strong></span> <span class='ocrx_word' id='word_1_211' title='bbox 475 3235 571 3314; x_wconf 82' lang='lat' dir='ltr'><strong>facile</strong></span> <span class='ocrx_word' id='word_1_212' title='bbox 586 3270 741 3314; x_wconf 89' lang='lat' dir='ltr'><strong>romanas</strong></span> <span class='ocrx_word' id='word_1_213' title='bbox 761 3247 848 3313; x_wconf 89' lang='lat' dir='ltr'><strong>acies</strong></span> <span class='ocrx_word' id='word_1_214' title='bbox 862 3269 958 3339; x_wconf 91' lang='lat' dir='ltr'><strong>posse</strong></span> <span class='ocrx_word' id='word_1_215' title='bbox 973 3245 1118 3335; x_wconf 86' lang='lat' dir='ltr'><strong>turbari;</strong></span> <span class='ocrx_word' id='word_1_216' title='bbox 1129 3261 1164 3315; x_wconf 91' lang='lat' dir='ltr'><strong>et</strong></span> <span class='ocrx_word' id='word_1_217' title='bbox 1175 3248 1293 3317; x_wconf 89' lang='lat' dir='ltr'><strong>Nervii</strong></span> <span class='ocrx_word' id='word_1_218' title='bbox 1307 3251 1379 3342; x_wconf 86' lang='lat' dir='ltr'><strong>qui·</strong></span> 
     </span>
    </p>

    <p class='ocr_par' dir='ltr' id='par_1_5' title="bbox 230 3350 1467 4204">
     <span class='ocr_line' id='line_1_28' title="bbox 230 3350 1467 3448; baseline 0.004 -28"><span class='ocrx_word' id='word_1_219' title='bbox 230 3435 234 3446; x_wconf 25' lang='grc' dir='ltr'>ἱ</span> <span class='ocrx_word' id='word_1_220' title='bbox 294 3350 371 3420; x_wconf 86' lang='lat' dir='ltr'><strong>dam</strong></span> <span class='ocrx_word' id='word_1_221' title='bbox 388 3353 476 3420; x_wconf 91' lang='lat' dir='ltr'><strong>intra</strong></span> <span class='ocrx_word' id='word_1_222' title='bbox 491 3350 650 3422; x_wconf 81' lang='lat' dir='ltr'><strong>silvarum</strong></span> <span class='ocrx_word' id='word_1_223' title='bbox 668 3353 811 3421; x_wconf 87' lang='lat' dir='ltr'><strong>latebras</strong></span> <span class='ocrx_word' id='word_1_224' title='bbox 825 3376 860 3420; x_wconf 91' lang='lat' dir='ltr'><strong>se</strong></span> <span class='ocrx_word' id='word_1_225' title='bbox 873 3351 1046 3439; x_wconf 91' lang='lat' dir='ltr'><strong>tenebant,</strong></span> <span class='ocrx_word' id='word_1_226' title='bbox 1061 3378 1152 3422; x_wconf 89' lang='lat' dir='ltr'><strong>nunc</strong></span> <span class='ocrx_word' id='word_1_227' title='bbox 1170 3355 1206 3442; x_wconf 79' lang='lat' dir='ltr'><strong>in</strong></span> <span class='ocrx_word' id='word_1_228' title='bbox 1221 3369 1379 3448; x_wconf 90' lang='lat' dir='ltr'><strong>apertum</strong></span> <span class='ocrx_word' id='word_1_229' title='bbox 1461 3417 1467 3433; x_wconf 58' lang='lat'><strong>,</strong></span> 
     </span>
     <span class='ocr_line' id='line_1_29' title="bbox 231 3457 1379 3552; baseline 0.004 -27"><span class='ocrx_word' id='word_1_230' title='bbox 231 3539 234 3549; x_wconf 38' lang='lat'><strong>,</strong></span> <span class='ocrx_word' id='word_1_231' title='bbox 292 3461 523 3552; x_wconf 86' lang='lat' dir='ltr'><strong>erumpentes,</strong></span> <span class='ocrx_word' id='word_1_232' title='bbox 537 3484 627 3528; x_wconf 88' lang='lat' dir='ltr'><strong>nuno</strong></span> <span class='ocrx_word' id='word_1_233' title='bbox 646 3460 793 3528; x_wconf 88' lang='lat' dir='ltr'><strong>vicissim</strong></span> <span class='ocrx_word' id='word_1_234' title='bbox 815 3483 850 3527; x_wconf 91' lang='lat' dir='ltr'><strong>se</strong></span> <span class='ocrx_word' id='word_1_235' title='bbox 871 3461 907 3526; x_wconf 91' lang='lat' dir='ltr'><strong>in</strong></span> <span class='ocrx_word' id='word_1_236' title='bbox 929 3457 1046 3527; x_wconf 89' lang='lat' dir='ltr'><strong>silvam</strong></span> <span class='ocrx_word' id='word_1_237' title='bbox 1064 3460 1291 3548; x_wconf 86' lang='lat' dir='ltr'><strong>retrahentes,</strong></span> <span class='ocrx_word' id='word_1_238' title='bbox 1311 3463 1379 3531; x_wconf 88' lang='lat' dir='ltr'><strong>Ro-</strong></span> 
     </span>
     <span class='ocr_line' id='line_1_30' title="bbox 294 3558 1376 3661; baseline 0.005 -27"><span class='ocrx_word' id='word_1_239' title='bbox 294 3567 401 3634; x_wconf 85' lang='lat' dir='ltr'><strong>manis</strong></span> <span class='ocrx_word' id='word_1_240' title='bbox 412 3580 550 3661; x_wconf 86' lang='lat' dir='ltr'><strong>propter</strong></span> <span class='ocrx_word' id='word_1_241' title='bbox 562 3566 764 3660; x_wconf 90' lang='lat' dir='ltr'><strong>imperitiam</strong></span> <span class='ocrx_word' id='word_1_242' title='bbox 773 3565 926 3634; x_wconf 88' lang='lat' dir='ltr'><strong>locorum</strong></span> <span class='ocrx_word' id='word_1_243' title='bbox 938 3567 1066 3660; x_wconf 89' lang='lat' dir='ltr'><strong>insequi</strong></span> <span class='ocrx_word' id='word_1_244' title='bbox 1079 3558 1147 3635; x_wconf 86' lang='lat' dir='ltr'><strong>non</strong></span> <span class='ocrx_word' id='word_1_245' title='bbox 1159 3567 1376 3639; x_wconf 88' lang='lat' dir='ltr'><strong>audentibus:</strong></span> 
     </span>
     <span class='ocr_line' id='line_1_31' title="bbox 289 3673 1377 3770; baseline 0.004 -29"><span class='ocrx_word' id='word_1_246' title='bbox 289 3677 358 3770; x_wconf 87' lang='lat' dir='ltr'><strong>jam</strong></span> <span class='ocrx_word' id='word_1_247' title='bbox 379 3675 523 3742; x_wconf 86' lang='lat' dir='ltr'><strong>Romani</strong></span> <span class='ocrx_word' id='word_1_248' title='bbox 538 3675 702 3742; x_wconf 89' lang='lat' dir='ltr'><strong>exercitus</strong></span> <span class='ocrx_word' id='word_1_249' title='bbox 724 3696 803 3766; x_wconf 89' lang='lat' dir='ltr'><strong>pars</strong></span> <span class='ocrx_word' id='word_1_250' title='bbox 823 3673 970 3742; x_wconf 83' lang='lat' dir='ltr'><strong>maxima</strong></span> <span class='ocrx_word' id='word_1_251' title='bbox 986 3673 1029 3740; x_wconf 91' lang='lat' dir='ltr'><strong>ad</strong></span> <span class='ocrx_word' id='word_1_252' title='bbox 1047 3673 1241 3742; x_wconf 89' lang='lat' dir='ltr'><strong>metandum</strong></span> <span class='ocrx_word' id='word_1_253' title='bbox 1264 3691 1377 3746; x_wconf 87' lang='lat' dir='ltr'><strong>castra</strong></span> 
     </span>
     <span class='ocr_line' id='line_1_32' title="bbox 293 3777 1375 3878; baseline 0 -27"><span class='ocrx_word' id='word_1_254' title='bbox 293 3795 519 3878; x_wconf 85' lang='lat' dir='ltr'><strong>praecesserat:</strong></span> <span class='ocrx_word' id='word_1_255' title='bbox 532 3781 684 3874; x_wconf 85' lang='lat' dir='ltr'><strong>proxima</strong></span> <span class='ocrx_word' id='word_1_256' title='bbox 695 3777 935 3874; x_wconf 86' lang='lat' dir='ltr'><strong>impedimenta</strong></span> <span class='ocrx_word' id='word_1_257' title='bbox 946 3779 1094 3848; x_wconf 88' lang='lat' dir='ltr'><strong>medium</strong></span> <span class='ocrx_word' id='word_1_258' title='bbox 1103 3779 1145 3849; x_wconf 91' lang='lat' dir='ltr'><strong>de</strong></span> <span class='ocrx_word' id='word_1_259' title='bbox 1154 3805 1248 3849; x_wconf 89' lang='lat' dir='ltr'><strong>more</strong></span> <span class='ocrx_word' id='word_1_260' title='bbox 1260 3779 1375 3852; x_wconf 91' lang='lat' dir='ltr'><strong>locum</strong></span> 
     </span>
     <span class='ocr_line' id='line_1_33' title="bbox 292 3880 1372 3981; baseline 0 -23"><span class='ocrx_word' id='word_1_261' title='bbox 292 3886 602 3980; x_wconf 81' lang='lat' dir='ltr'><strong>occupabant:duae</strong></span> <span class='ocrx_word' id='word_1_262' title='bbox 612 3880 808 3980; x_wconf 80' lang='lat' dir='ltr'><strong>legionesad</strong></span> <span class='ocrx_word' id='word_1_263' title='bbox 817 3911 933 3955; x_wconf 87' lang='lat' dir='ltr'><strong>eorum</strong></span> <span class='ocrx_word' id='word_1_264' title='bbox 941 3886 1126 3956; x_wconf 88' lang='lat' dir='ltr'><strong>custodiam</strong></span> <span class='ocrx_word' id='word_1_265' title='bbox 1136 3889 1372 3981; x_wconf 90' lang='lat' dir='ltr'><strong>sequebantur.</strong></span> 
     </span>
     <span class='ocr_line' id='line_1_34' title="bbox 290 3983 1374 4090; baseline -0.002 -22"><span class='ocrx_word' id='word_1_266' title='bbox 290 4000 332 4068; x_wconf 90' lang='lat' dir='ltr'><strong>In</strong></span> <span class='ocrx_word' id='word_1_267' title='bbox 346 3995 409 4064; x_wconf 94' lang='lat' dir='ltr'><strong>hos</strong></span> <span class='ocrx_word' id='word_1_268' title='bbox 426 3995 542 4075; x_wconf 66' lang='lat' dir='ltr'><strong>Neruii</strong></span> <span class='ocrx_word' id='word_1_269' title='bbox 562 3983 697 4080; x_wconf 83' lang='lat' dir='ltr'><strong>omnes,</strong></span> <span class='ocrx_word' id='word_1_270' title='bbox 714 3996 786 4062; x_wconf 86' lang='lat' dir='ltr'><strong>u&#39;ta</strong></span> <span class='ocrx_word' id='word_1_271' title='bbox 804 3994 1031 4087; x_wconf 82' lang='lat' dir='ltr'><strong>proditoribus</strong></span> <span class='ocrx_word' id='word_1_272' title='bbox 1052 3993 1143 4062; x_wconf 90' lang='lat' dir='ltr'><strong>docti</strong></span> <span class='ocrx_word' id='word_1_273' title='bbox 1157 4009 1270 4081; x_wconf 89' lang='lat' dir='ltr'><strong>erant,</strong></span> <span class='ocrx_word' id='word_1_274' title='bbox 1293 4022 1374 4090; x_wconf 86' lang='lat' dir='ltr'><strong>prae·</strong></span> 
     </span>
     <span class='ocr_line' id='line_1_35' title="bbox 230 4088 1373 4204; baseline -0.001 -31"><span class='ocrx_word' id='word_1_275' title='bbox 230 4088 236 4204; x_wconf 26' lang='grc' dir='ltr'><strong><em>ζ</em></strong></span> <span class='ocrx_word' id='word_1_276' title='bbox 278 4103 390 4202; x_wconf 24' lang='grc' dir='ltr'>,οίρίῑί</span> <span class='ocrx_word' id='word_1_277' title='bbox 403 4103 531 4197; x_wconf 82' lang='lat' dir='ltr'><strong>impetu</strong></span> <span class='ocrx_word' id='word_1_278' title='bbox 545 4102 738 4202; x_wconf 85' lang='lat' dir='ltr'><strong>irruerunt,</strong></span> <span class='ocrx_word' id='word_1_279' title='bbox 757 4116 858 4196; x_wconf 88' lang='lat' dir='ltr'><strong>atque</strong></span> <span class='ocrx_word' id='word_1_280' title='bbox 877 4101 955 4171; x_wconf 88' lang='lat' dir='ltr'><strong>inde</strong></span> <span class='ocrx_word' id='word_1_281' title='bbox 973 4115 1093 4195; x_wconf 82' lang='lat' dir='ltr'><strong>preter</strong></span> <span class='ocrx_word' id='word_1_282' title='bbox 1110 4126 1205 4195; x_wconf 87' lang='lat' dir='ltr'><strong>spem</strong></span> <span class='ocrx_word' id='word_1_283' title='bbox 1228 4102 1373 4197; x_wconf 88' lang='lat' dir='ltr'><strong>repulsi,</strong></span> 
     </span>
    </p>
   </div>
   <div class='ocr_carea' id='block_1_3' title="bbox 0 0 1504 5025">
    <p class='ocr_par' dir='ltr' id='par_1_6' title="bbox 0 0 1504 5025">
     <span class='ocr_line' id='line_1_36' title="bbox 0 0 1504 5025; baseline 0 5"><span class='ocrx_word' id='word_1_284' title='bbox 0 0 1504 5025; x_wconf 95' lang='lat' dir='ltr'><strong> </strong></span> 
     </span>
    </p>
   </div>
  </div>
 </body>
</html>
