3000 5025
306 466 376 535 DE
403 464 527 535 VITA
560 462 707 533 JULII
734 460 981 535 cAEsnals.
1109 466 1179 551 ²4¹

120 585 214 664 Simul
225 610 257 665 et
269 595 370 692 legati
385 600 442 691 qui
456 599 549 692 prius
570 588 733 667 venerant
746 596 789 665 ad
804 590 1184 685 Caesarem,redierr1nt;

120 726 224 771 eorum
255 706 362 771 oratio
386 703 524 799 simplex
553 704 630 792 fixit,
651 718 685 773 et
706 718 800 798 apta,
820 718 854 771 et
870 704 996 773 brevis:
1016 709 1050 772 si
1066 708 1116 773 eis
1137 709 1185 775 ui·

24 786 29 825 l
118 822 181 876 tam
200 810 404 905 lorgz'reucr,
417 833 455 878 se
472 809 528 880 die
539 816 705 907 proximo
721 808 886 905 oppzdmn
905 809 1095 879 dedituros:
1111 812 1184 905 qui·

23 916 27 932 “
117 912 172 983 bus
183 918 295 985 Caesar
308 917 374 985 hoc
390 942 496 986 unum
510 916 696 1011 respondit:
715 920 836 988 Coesar
848 929 922 985 sum
932 915 1183 1012 ,fidempraes·

23 1032 28 1113 t
117 1020 214 1109 tnbo,·
234 1024 282 1092 sic
304 1022 489 1113 ellectum,
510 1038 549 1093 ut
568 1038 645 1091 ante
666 1022 755 1092 diem
777 1047 816 1092 xi
838 1012 912 1092 kall
925 1023 1049 1091 martii·
1057 1024 1184 1118 oppido

116 1130 278 1220 potiretur.
1092 1162 1097 1169 ·

21 1710 23 1789 l

21 1796 24 1877 l

21 2306 24 2461 ι

21 2655 24 2748 Ι

160 1235 199 1303 Id
216 1260 321 1329 quum
344 1237 503 1331 Pompeio
522 1251 640 1305 notum
661 1250 768 1325 esset,
785 1234 936 1330 deposita
954 1259 1014 1330 spe
1025 1247 1183 1330 Icuraque

115 1340 274 1410 Cordubae
296 1340 531 1431 defendendae,
553 1343 734 1436 castrisque
757 1344 856 1412 motis
877 1341 1057 1429 abscessit,
1083 1356 1182 1436 atque

115 1446 253 1517 Ucubim
289 1448 450 1543 oppidum
487 1450 609 1543 petiit,
637 1449 749 1542 ibique
777 1448 970 1517 convocatis
1003 1473 1088 1543 quos
1119 1449 1181 1520 sibi

114 1549 190 1622 lidos
216 1554 462 1642 arbitrabatur,
481 1556 676 1649 imperavit,
698 1569 736 1624 ut
758 1573 890 1623 summo
918 1552 1028 1622 studio
1047 1556 1180 1649 perqui-

114 1676 234 1750 rerent,
259 1651 318 1754 qui
342 1661 388 1729 ad
412 1684 515 1752 eum,
540 1663 640 1755 quive
654 1660 896 1729 'adsCaesarem
921 1662 1019 1752 proni
1043 1676 1179 1730 essent:

114 1766 195 1859 quod
214 1792 319 1861 quum
338 1767 381 1836 ad
399 1792 434 1837 se
450 1766 591 1836 relatum
608 1766 708 1854 esset,
730 1767 899 1835 LXXIIII
918 1789 960 1833 ex
977 1765 1016 1833 iis
1033 1767 1091 1859 qui
1105 1769 1178 1837 Cae-

112 1895 203 1943 saraae
218 1873 369 1944 faventes
385 1876 534 1943 victoriae
552 1874 765 1961 dicebantur,
779 1872 870 1966 quod
885 1874 1051 1941 Caesarem
1066 1898 1179 1943 amare

110 1981 228 2049 crimen
246 1982 365 2075 ingens
386 1996 491 2069 esset,
516 1982 624 2050 securi
653 1982 737 2049 ictos
756 1978 898 2066 occidit,
926 1976 1070 2072 reliquos
1090 1981 1179 2049 intra

111 2087 266 2182 oppidum
276 2087 428 2157 inclusit:
443 2088 597 2181 equibus
613 2089 711 2157 CXX
727 2085 826 2155 elusis
843 2084 1003 2155 custodiis
1015 2084 1058 2153 ad
1072 2085 1178 2155 Caesa-

21 2228 23 2249 ι
111 2217 172 2262 rem
195 2193 459 2289 transfugerunt.
484 2192 593 2262 Multa
618 2208 779 2288 praeterea
797 2193 840 2260 ab
862 2193 941 2287 ipsis
964 2192 1177 2286 Pompeianis

112 2323 165 2391 per
177 2300 315 2369 eosdem
332 2301 401 2370 dies
418 2298 596 2369 crudeliter
615 2313 707 2395 gesta
722 2313 811 2387 sunt,
826 2323 888 2368 eeu
902 2299 1176 2392 praesagientibus

110 2405 162 2474 mi
180 2407 272 2477 diem
293 2407 356 2476 sibi
377 2410 520 2497 instare,
542 2422 591 2495 et,
605 2408 663 2501 qui
680 2430 755 2475 mos
767 2405 857 2475 ferus
871 2419 921 2473 est
938 2403 1175 2498 quorumdam,
1290 2502 1295 2510 Ι

109 2513 237 2584 inferias
262 2514 324 2584 sibi
351 2517 552 2611 praemittere
585 2514 707 2583 alienas
738 2513 785 2580 ibi
811 2510 1043 2607 quaerentibus.
1075 2514 1174 2581 Pom·

107 2623 193 2714 peius
204 2623 273 2691 hoo
288 2635 439 2717 tempore
451 2621 759 2716 magnanimitatem
773 2643 868 2687 suam
881 2631 915 2686 et
928 2631 1054 2684 metum
1068 2621 1175 2688 Caesa·

21 2751 23 2814 ξ
107 2727 147 2799 ris
166 2753 245 2797 cum
267 2731 382 2799 amieis
396 2727 575 2816 simulabat
589 2729 753 2797 :inventae
774 2739 851 2793 sunt
872 2722 990 2791 litterae
1011 2723 1081 2814 ejus
1098 2748 1175 2792 con·

109 2835 265 2924 tinnites,
288 2837 454 2906 Caesarem
476 2861 545 2905 non
570 2833 693 2902 audere
726 2833 761 2900 in
787 2854 944 2924 campum
972 2829 1065 2922 opias
1091 2829 1172 2930 edu-

21 2931 23 3012 i

108 2963 194 3030 cere,
212 2943 282 3011 suis
301 2944 475 3036 tyronibus
496 2939 726 3011 diffidentem:
757 2938 833 3031 qui,
855 2939 882 3005 si
899 2959 1020 3030 pugnae
1041 2937 1172 3030 copiam

108 3050 201 3142 aquis
214 3050 250 3116 in
264 3047 345 3118 loeis
360 3048 538 3143 aliquando
556 3048 697 3135 faceret,
711 3069 746 3114 se
760 3069 831 3112 rem
847 3043 997 3121 omniurn
1013 3044 1172 3136 opinione

21 3145 23 3158 ἦ
108 3153 241 3241 celerius
266 3156 518 3242 confecturum,
541 3153 640 3248 idque
663 3165 838 3248 expectare
860 3174 899 3218 ac
925 3171 1067 3242 sperare.
1096 3150 1183 3218 Ibat

109 3259 230 3330 interea
248 3263 426 3358 Hispanias
439 3259 637 3349 ambiendo,
651 3273 702 3347 et,
720 3273 760 3326 ut
774 3259 844 3351 ipse
858 3256 1007 3337 dicebat,
1021 3255 1171 3334 civitates

109 3389 239 3436 suarum
263 3371 409 3463 partium
432 3366 668 3438 conservando.
691 3367 809 3458 Itaque
824 3363 860 3430 in
871 3359 1033 3455 Hispalim
1060 3362 1172 3449 venit,

109 3489 285 3568 contraque
303 3476 421 3544 urbem
439 3478 473 3543 in
495 3473 619 3546 oliveto
641 3486 749 3543 castra
771 3469 903 3563 posuit;
925 3465 1002 3534 inde
1023 3464 1103 3534 alias
1122 3481 1172 3536 at·

109 3603 167 3671 que
185 3579 265 3651 alias
284 3583 382 3671 adiit,
401 3581 443 3650 ad
463 3595 648 3650 extremum
670 3575 807 3646 Mundae
830 3574 989 3660 substitit;
1008 3575 1173 3666 supremis

108 3683 252 3757 cladibus
270 3687 360 3757 illam
379 3688 513 3757 fortuna
531 3685 707 3782 delegerat.
723 3685 775 3753 Eo
793 3695 827 3750 et
840 3684 953 3757 Caesar
970 3679 1077 3765 venit,
1092 3700 1171 3746 con·
1291 3687 1295 3691 “
1397 3715 1409 3740 ,

108 3803 230 3886 traque
244 3797 441 3889 Pompeium
472 3808 580 3863 castra
599 3805 742 3862 metatus
765 3802 824 3857 est.
847 3786 1026 3880 Pompeius
1050 3786 1172 3853 Fausto

109 3900 298 3994 scripserat,
318 3904 375 3996 qui
403 3915 565 3996 quantum
591 3896 727 3990 intelligi
753 3894 877 3982 datur,
893 3894 980 3960 iutra
1010 3890 1173 3984 oppidum

108 4019 191 4094 erat,
205 4010 370 4078 Caesarem
391 4007 533 4076 mediam
552 4009 586 4074 in
604 4004 724 4074 vallem
742 4000 831 4069 nolle
847 3995 1064 4085 descendere,
1082 3997 1173 4092 quod

108 4115 266 4184 exercitus
296 4116 347 4186 sui
374 4137 495 4208 magna
525 4135 617 4208 pars¹
632 4127 789 4212 tyronum
823 4119 933 4194 esset;
956 4126 1039 4197 quae¹
1056 4102 1174 4176 litterae

159 4246 226 4314 III.
952 4234 998 4310 16
