3000 5025
337 568 409 665 ἰρι
622 562 661 637 c.
690 570 838 637 JULII
866 567 1108 637 cAEsAlus

333 728 431 790 μενος·
443 710 507 779 τοῖς
521 701 575 794 μὲν
588 702 711 784 Σένοσι,
722 700 847 783 καὶτοῖς
859 707 978 779 λοιποῖς
999 708 1060 769 τῶν
1079 704 1198 792 Βιλγῶν
1220 703 1407 796 προσχώροις

332 805 398 876 οὖσι
422 809 569 891 Γοίλλοις,
591 810 798 902 παρήγγειλε,
819 805 862 874 τὰ
881 805 969 901 παρὰ
991 815 1057 885 τοῖς
1080 807 1209 901 Βέλγαις
1232 804 1406 897 μαθόντας,

330 920 431 1004 ἑαυτῷ
444 914 658 1009 ἀπαγγέλλειν·
674 912 759 981 οὗτοι
773 904 808 982 δὲ
822 913 936 993 πάντες
950 915 1199 1007 ὁμολογουμένως
1214 914 1298 999 αὐτῷ
1311 913 1407 1004 ἀπήγ·

328 1028 447 1115 γειλαν,
461 1020 518 1099 τὰς
537 1028 598 1087 τῶν
624 1025 745 1115 Βελγῶν
773 1011 915 1112 δυνάμεις
938 1012 1128 1114 ἀθροίζεσθαί
1148 1044 1206 1104 τε,
1222 1017 1273 1085 καὶ
1290 1016 1332 1095 εἷς
1357 1021 1406 1085 ἕνα

330 1126 399 1193 τινὰ
416 1129 512 1195 τόπον
529 1128 669 1193 συνιέναι.
682 1131 794 1193 Ταῦτα
807 1138 853 1214 τῷ
867 1126 1004 1219 Καίσαρι
1019 1126 1204 1207 ἀκούσαντι,
1219 1128 1275 1191 οὐκ
1292 1124 1404 1216 ἀμρισ·

328 1228 497 1316 ύητητέον,
511 1243 568 1301 τοῦ
589 1236 632 1325 μὴ
655 1238 694 1311 ὡς
711 1233 830 1325 τοίχιςα
851 1234 899 1300 ἐπ’
921 1233 1031 1312 αὐτούς
1052 1232 1143 1313 ἰέναι,
1162 1224 1277 1308 ἔδοξεν.
1293 1219 1405 1322 Ᾰμέλεῑ

327 1342 381 1407 τὸν
396 1340 510 1433 ςρατὸν
527 1338 789 1431 ἐπισιτισάμενος,
803 1331 1168 1433 μετεςρατοπεδεύσατο,
1182 1335 1234 1404 καὶ
1249 1336 1332 1429 μετὰ
1344 1362 1406 1405 πεν·

326 1438 493 1513 τεκαίδεκα
505 1447 619 1539 ἡμέρας
634 1449 664 1512 ἐν
678 1455 719 1539 τῇ
734 1455 796 1512 τῶν
811 1451 932 1540 Βελγῶν
947 1448 1033 1537 χώρᾳ
1051 1445 1247 1538 παρεγένετο.

379 1555 442 1621 ΙΙΙ.
454 1556 549 1641 Αὐτῷ
564 1544 583 1618 δ
586 1555 593 1582 ’
605 1550 735 1619 ἐνταῦθα
745 1546 779 1630 ἐξ
787 1544 1025 1644 ἀπροσδοκήτου
1036 1577 1084 1634 τι,
1092 1547 1144 1618 καὶ
1154 1561 1211 1628 τῆς
1218 1549 1347 1618 πόντων
1358 1540 1404 1617 δό-

325 1652 378 1737 ξης
393 1662 558 1751 ταχύτερον
570 1658 688 1727 ἐλθόντι
699 1659 745 1740 ,οἱ
757 1644 874 1748 Βήμοι,
888 1656 1056 1725 ἐκπέντων
1072 1668 1134 1724 τῶν
1143 1661 1265 1752 Βελγῶν
1282 1656 1403 1730 πλησιό-

324 1791 415 1832 τατοι
430 1776 486 1843 τῆς
502 1764 658 1842 Γαλατίας
674 1764 846 1848 οἰκοῦντες,
860 1759 1002 1857 πρέσύεις
1020 1764 1074 1831 τόν
1098 1766 1129 1830 τ’
1144 1744 1241 1830 Ῐκκιον
1254 1814 1264 1847 ,
1278 1762 1331 1829 καὶ
1353 1771 1401 1829 τὸν

322 1861 540 1966 Ᾰντιόρόγιον,
555 1872 627 1950 τοὺς
645 1881 701 1949 τῆς
721 1879 805 1960 σφῶν
821 1871 939 1949 πόλεως
961 1869 1085 1964 ἀρίςους
1103 1868 1256 1962 ἔπεμψαν·
1279 1871 1401 1946 ἑαυτοὺς

323 1978 376 2071 μὲν
395 1979 447 2045 καὶ
464 1975 507 2043 τὰ
521 1985 604 2067 σφῶν
626 1978 732 2045 πάντα
750 1985 816 2055 τοῖς
834 1961 987 2069 Βωμαίοις
1008 1968 1234 2070 παραδιδόναι,
1250 1978 1333 2067 μήτε
1353 1976 1400 2067 μὲν

321 2094 385 2162 τοῖς
401 2080 505 2161 ἀλλοις
519 2084 647 2178 Βελγαις
661 2090 931 2177 όμογνωμονῆσαι,
941 2086 1020 2176 μήτε
1033 2110 1067 2178 γε
1081 2080 1164 2151 κατὰ
1176 2093 1239 2149 τῶν
1254 2067 1400 2174 Ῥωμαίων

322 2192 497 2282 συνομόσαι·
514 2191 582 2256 ἀλλ’
599 2192 684 2277 αὐτῷ
699 2212 734 2255 τε
747 2191 880 2282 ὁμήρους
894 2180 1085 2273 διδόναι,τά
1099 2216 1133 2256 τε
1149 2189 1399 2283 παραγγελθπσό-

324 2322 399 2388 μενα
421 2304 535 2378 ποιεῖν,
549 2293 601 2361 καὶ
615 2297 709 2362 αὐτὸν
724 2285 913 2386 εἰσδέχεσθαι
927 2296 967 2373 εἰς
981 2299 1020 2364 τὸ
1037 2302 1156 2389 τεῖχος,
1170 2299 1222 2363 καὶ
1240 2293 1287 2362 τὰ
1311 2296 1399 2389 ἀναγ-

321 2411 395 2470 καῖα
415 2414 454 2495 τῇ
471 2407 589 2495 ςρατιρῖ
607 2396 756 2493 πορίζειν,
767 2400 897 2493 ἑτοίμως
910 2405 989 2495 ἔχειν
997 2406 1151 2497 λέγοντες·
1164 2404 1237 2480 τοὺς
1253 2392 1285 2467 δ’
1295 2400 1399 2479 ἀλλους

323 2510 463 2588 ἅπαντας
481 2510 599 2603 Βέλγας
624 2509 768 2586 ἐνόπλους
786 2510 816 2575 τ’
831 2504 923 2594 εἶναι,
944 2508 996 2577 καὶ
1018 2510 1091 2589 τοὺς
1111 2510 1186 2604 πρὸς
1210 2517 1281 2588 ταῖς
1301 2508 1398 2601 ὄχθαις

322 2627 379 2685 τοῦ
399 2601 497 2690 Βήνου
513 2615 671 2695 οἰκοῦντας
695 2617 867 2708 Γερμανοὺς
890 2620 995 2694 αὐτοῖς
1008 2611 1168 2710 συμμίξαι·
1184 2614 1235 2683 καὶ
1262 2618 1397 2708 τοσαύτῃ

323 2725 434 2800 αὐτοὺς
461 2721 582 2801 πάντας
608 2721 775 2790 ἐπὶτοῦτο
801 2718 875 2788 εἶναι
896 2713 1070 2815 προθυμίᾳ,
1090 2724 1239 2813 ἔφασκον,
1266 2725 1329 2800 ὦς’·
1339 2713 1397 2790 οὐδ’

324 2831 434 2906 αὐτοὺς
450 2831 521 2908 τοὺς
536 2822 687 2920 ἀδελφούς
702 2854 738 2894 τε
750 2828 803 2895 καὶ
815 2837 968 2924 συγγενεῖς
983 2838 1066 2921 σφῶν
1081 2830 1193 2911 ὄντας,
1208 2831 1271 2896 ύπό
1287 2855 1322 2896 τε
1341 2835 1398 2905 τοῖς

323 2939 427 3014 αὐτοῖς
456 2935 540 3026 σφίσι
562 2935 665 3026 νόμοις
693 2959 745 3019 τε,
765 2935 818 3001 καὶ
842 2945 888 3022 τῷ
912 2940 997 3024 αὐτῷ
1018 2932 1145 3029 ἄρχοντι
1169 2938 1397 3030 ύποταχθέντας
1488 3010 1489 3013 ¹

323 3040 536 3124 Σουεσσίονας,
554 3033 718 3115 δυνηθῆναι
732 3035 934 3133 ἀποτρέπειν,
946 3053 1003 3110 τοῦ
1015 3045 1057 3134 μή
1077 3050 1139 3121 τοῖς
1155 3039 1260 3120 ἀλλοις
1275 3044 1396 3136 Βέλγαις
1487 3038 1489 3059 ¹

324 3145 408 3214 κατὰ
420 3157 483 3214 τῶν
500 3133 650 3238 Ρωμαίων
665 3149 915 3240 συςρατεύεσθαι·
929 3148 958 3215 οἱ
975 3149 1029 3240 μὲν
1044 3151 1135 3216 ταῦτ’
1149 3149 1270 3242 έλεγον·

377 3257 439 3324 lV.
456 3257 521 3321 Τοῦ
536 3245 571 3322 δὲ
585 3252 743 3348 Καίσαρος
757 3256 833 3345 πρὸς
847 3256 987 3337 τούτοις,
1001 3263 1104 3338 ποῖαι,
1119 3255 1213 3323 πόσαι
1227 3281 1264 3322 τε
1281 3258 1394 3335 πόλεις,
1487 3318 1488 3321 ,

325 3360 376 3436 καὶ
390 3362 485 3428 πόσον
509 3366 592 3428 κατὰ
612 3363 666 3428 τὸν
688 3361 823 3450 πόλεμον
847 3353 1031 3454 δυνάμεναι,
1054 3363 1175 3432 ἔνοπλοι
1197 3360 1324 3448 εἴησαν,
1346 3365 1394 3428 αὐ·

325 3469 397 3545 τοὺς
422 3470 616 3560 ἐρωτῶντος,
638 3470 743 3534 ἐκεῖνοι
765 3466 880 3561 ἔλεγον·
902 3469 974 3546 τοὺς
1008 3469 1061 3552 μὲν
1090 3467 1253 3546 πλείστους
1283 3471 1393 3563 Βέλγας

324 3585 386 3640 τῶν
407 3577 568 3666 Γερμανῶν
583 3575 753 3668 ἀπογόνους
769 3568 853 3639 εἶναι·
867 3572 987 3642 καὶτὸν
1005 3560 1102 3649 Βῆνον
1120 3575 1158 3642 τὸ
1177 3578 1312 3644 παλαιὸν
1332 3568 1393 3641 δια-

325 3674 461 3763 όιίντας,
475 3680 607 3747 ἐνταῦθα
628 3673 681 3746 διὰ
699 3681 737 3746 τὸ
756 3689 812 3758 τῆς
827 3683 929 3773 χώρας
953 3682 1094 3776 ἐνεργὸν,
1117 3683 1189 3760 τοὺς
1206 3685 1392 3756 ἐνοικοῦντας

323 3780 547 3870 ἐξελάσαντας,
566 3795 757 3879 καταμεῖναι·
772 3785 896 3856 πάντων
917 3787 953 3853 τὲ
966 3796 1028 3854 τῶν
1050 3790 1177 3856 Γάλλων
1196 3788 1310 3881 μόνους
1327 3784 1393 3856 εἶναι

324 3895 465 3978 τούτους,
474 3895 547 3971 τοὺς
558 3894 636 3960 ποτὲ
651 3893 721 3971 τοὺς
735 3895 905 3970 Τουτονούς
917 3917 952 3960 τε
966 3894 1017 3960 καὶ
1031 3885 1103 3973 τοὺς
1115 3889 1286 3988 Κίμόρους,
1296 3901 1392 3963 πᾶσαν

323 3990 384 4072 ἤδη
400 3999 456 4071 τὴν
470 3997 566 4073 ἀλλην
578 3999 733 4067 Γαλατίαν
747 3990 1005 4094 δῃώσαντας,τοιῖ
1017 4003 1060 4094 μή
1075 4001 1115 4081 είς
1129 4004 1186 4076 τήν
1197 4011 1283 4093 σφῶν
1296 4006 1391 4094 χώραν

319 4101 502 4197 ἐμόυίλλειν,
522 4109 730 4184 κωλύσαντας·
752 4109 827 4174 ὥστ’
841 4108 975 4197 ἔρασαν,
988 4117 1040 4174 νῦν
1053 4110 1174 4175 τούτων
1194 4111 1390 4201 μεμνημένοι,

318 4213 403 4305 μέγα
414 4217 515 4304 ὥσπερ
534 4213 690 4296 εἰκὸς,έπὶ
708 4205 995 4305 τῖίσρῶνδυνάμει
1006 4241 1041 4282 τε
1060 4215 1111 4282 καὶ
1121 4216 1217 4306 ἀρετῇ
1230 4219 1388 4306 ρρονήσου-
