<?xml version="1.0" encoding="UTF-8"?>
<!DOCTYPE html PUBLIC "-//W3C//DTD XHTML 1.0 Transitional//EN"
    "http://www.w3.org/TR/xhtml1/DTD/xhtml1-transitional.dtd">
<html xmlns="http://www.w3.org/1999/xhtml" xml:lang="en" lang="en">
 <head>
  <title>
</title>
<meta http-equiv="Content-Type" content="text/html;charset=utf-8" />
  <meta name='ocr-system' content='tesseract 3.04.00' />
  <meta name='ocr-capabilities' content='ocr_page ocr_carea ocr_par ocr_line ocrx_word'/>
</head>
<body>
  <div class='ocr_page' id='page_1' title='image "./caiusjuliuscsar00unkngoog_0477.png"; bbox 0 0 3000 5025; ppageno 0'>
   <div class='ocr_carea' id='block_1_1' title="bbox 329 472 1108 561">
    <p class='ocr_par' dir='ltr' id='par_1_1' title="bbox 329 472 1108 561">
     <span class='ocr_line' id='line_1_1' title="bbox 329 472 1108 561; baseline -0.008 -15"><span class='ocrx_word' id='word_1_1' title='bbox 329 473 405 561; x_wconf 68' lang='grc'>436</span> <span class='ocrx_word' id='word_1_2' title='bbox 627 473 666 544; x_wconf 88' lang='lat' dir='ltr'>C.</span> <span class='ocrx_word' id='word_1_3' title='bbox 695 473 840 542; x_wconf 86' lang='lat' dir='ltr'><strong>JULII</strong></span> <span class='ocrx_word' id='word_1_4' title='bbox 868 472 1108 541; x_wconf 79' lang='lat' dir='ltr'>CAESARIS</span> 
     </span>
    </p>
   </div>
   <div class='ocr_carea' id='block_1_2' title="bbox 281 593 1463 4208">
    <p class='ocr_par' dir='ltr' id='par_1_2' title="bbox 313 593 1383 1974">
     <span class='ocr_line' id='line_1_2' title="bbox 324 593 1376 699; baseline -0.008 -22"><span class='ocrx_word' id='word_1_5' title='bbox 324 593 434 676; x_wconf 80' lang='grc' dir='ltr'>λασαν·</span> <span class='ocrx_word' id='word_1_6' title='bbox 458 605 539 674; x_wconf 82' lang='grc' dir='ltr'>αλλὰ</span> <span class='ocrx_word' id='word_1_7' title='bbox 561 608 687 699; x_wconf 75' lang='grc' dir='ltr'>συχνοὺς</span> <span class='ocrx_word' id='word_1_8' title='bbox 711 611 812 674; x_wconf 83' lang='grc' dir='ltr'>αὐτῶν</span> <span class='ocrx_word' id='word_1_9' title='bbox 838 605 1093 688; x_wconf 88' lang='grc' dir='ltr'>ἀποκτείναντες,</span> <span class='ocrx_word' id='word_1_10' title='bbox 1109 604 1161 672; x_wconf 90' lang='grc' dir='ltr'>καὶ</span> <span class='ocrx_word' id='word_1_11' title='bbox 1178 606 1249 681; x_wconf 88' lang='grc' dir='ltr'>τοὺς</span> <span class='ocrx_word' id='word_1_12' title='bbox 1267 604 1376 680; x_wconf 84' lang='grc' dir='ltr'>λοιποὺς</span> 
     </span>
     <span class='ocr_line' id='line_1_3' title="bbox 325 702 1376 807; baseline -0.01 -24"><span class='ocrx_word' id='word_1_13' title='bbox 325 716 545 807; x_wconf 85' lang='grc' dir='ltr'>περισσοτέρως</span> <span class='ocrx_word' id='word_1_14' title='bbox 562 705 746 795; x_wconf 81' lang='grc' dir='ltr'>διώξαντες,</span> <span class='ocrx_word' id='word_1_15' title='bbox 761 712 854 790; x_wconf 84' lang='grc' dir='ltr'>ἐνίους</span> <span class='ocrx_word' id='word_1_16' title='bbox 868 722 950 805; x_wconf 88' lang='grc' dir='ltr'>σρῶν</span> <span class='ocrx_word' id='word_1_17' title='bbox 965 707 1134 779; x_wconf 76' lang='grc' dir='ltr'>ἀπίόαλον.</span> <span class='ocrx_word' id='word_1_18' title='bbox 1150 702 1237 777; x_wconf 80' lang='grc' dir='ltr'>Οἱδό</span> <span class='ocrx_word' id='word_1_19' title='bbox 1253 712 1376 802; x_wconf 81' lang='grc' dir='ltr'>πολέμιοι</span> 
     </span>
     <span class='ocr_line' id='line_1_4' title="bbox 324 802 1377 917; baseline -0.008 -29"><span class='ocrx_word' id='word_1_20' title='bbox 324 821 425 917; x_wconf 89' lang='grc' dir='ltr'>ὀλίγον</span> <span class='ocrx_word' id='word_1_21' title='bbox 446 819 516 888; x_wconf 78' lang='grc' dir='ltr'>τινὰ</span> <span class='ocrx_word' id='word_1_22' title='bbox 541 822 647 914; x_wconf 88' lang='grc' dir='ltr'>χρόνον</span> <span class='ocrx_word' id='word_1_23' title='bbox 671 811 883 903; x_wconf 75' lang='grc' dir='ltr'>διαλιπόντες,</span> <span class='ocrx_word' id='word_1_24' title='bbox 897 810 1144 911; x_wconf 70' lang='grc' dir='ltr'>ἀπροσδοκήτοις</span> <span class='ocrx_word' id='word_1_25' title='bbox 1157 824 1222 894; x_wconf 81' lang='grc' dir='ltr'>τοῖς</span> <span class='ocrx_word' id='word_1_26' title='bbox 1243 802 1377 908; x_wconf 64' lang='grc' dir='ltr'>Ῥωμαίοις</span> 
     </span>
     <span class='ocr_line' id='line_1_5' title="bbox 324 917 1376 1020; baseline -0.01 -27"><span class='ocrx_word' id='word_1_27' title='bbox 324 927 375 993; x_wconf 88' lang='grc' dir='ltr'>καὶ</span> <span class='ocrx_word' id='word_1_28' title='bbox 394 927 472 1020; x_wconf 79' lang='grc' dir='ltr'>ἀμφὶ</span> <span class='ocrx_word' id='word_1_29' title='bbox 490 929 546 1001; x_wconf 78' lang='grc' dir='ltr'>τὴν</span> <span class='ocrx_word' id='word_1_30' title='bbox 564 937 619 994; x_wconf 84' lang='grc' dir='ltr'>τοῦ</span> <span class='ocrx_word' id='word_1_31' title='bbox 638 917 834 1019; x_wconf 83' lang='grc' dir='ltr'>ςρατοπέδου</span> <span class='ocrx_word' id='word_1_32' title='bbox 856 928 1004 1018; x_wconf 72' lang='grc' dir='ltr'>ἀχύροισιν</span> <span class='ocrx_word' id='word_1_33' title='bbox 1027 925 1280 1017; x_wconf 75' lang='grc' dir='ltr'>ἀσχολουμένοις,</span> <span class='ocrx_word' id='word_1_34' title='bbox 1298 920 1376 989; x_wconf 79' lang='grc' dir='ltr'>πολιν</span> 
     </span>
     <span class='ocr_line' id='line_1_6' title="bbox 322 1022 1377 1125; baseline -0.006 -27"><span class='ocrx_word' id='word_1_35' title='bbox 322 1035 478 1100; x_wconf 80' lang='grc' dir='ltr'>ἐπέπεσον·</span> <span class='ocrx_word' id='word_1_36' title='bbox 498 1032 549 1100; x_wconf 90' lang='grc' dir='ltr'>καὶ</span> <span class='ocrx_word' id='word_1_37' title='bbox 563 1034 593 1098; x_wconf 84' lang='grc' dir='ltr'>οἱ</span> <span class='ocrx_word' id='word_1_38' title='bbox 611 1033 664 1123; x_wconf 84' lang='grc' dir='ltr'>μὲν</span> <span class='ocrx_word' id='word_1_39' title='bbox 684 1031 851 1125; x_wconf 82' lang='grc' dir='ltr'>ἔμπροσθεν</span> <span class='ocrx_word' id='word_1_40' title='bbox 871 1042 928 1099; x_wconf 83' lang='grc' dir='ltr'>τοῦ</span> <span class='ocrx_word' id='word_1_41' title='bbox 951 1022 1147 1124; x_wconf 82' lang='grc' dir='ltr'>ςρατοπέδου</span> <span class='ocrx_word' id='word_1_42' title='bbox 1167 1031 1253 1106; x_wconf 88' lang='grc' dir='ltr'>ὀντες</span> <span class='ocrx_word' id='word_1_43' title='bbox 1272 1029 1377 1122; x_wconf 80' lang='grc' dir='ltr'>προρύ·</span> 
     </span>
     <span class='ocr_line' id='line_1_7' title="bbox 319 1128 1383 1233; baseline -0.007 -27"><span class='ocrx_word' id='word_1_44' title='bbox 319 1145 410 1218; x_wconf 89' lang='grc' dir='ltr'>λακες</span> <span class='ocrx_word' id='word_1_45' title='bbox 425 1141 598 1233; x_wconf 77' lang='grc' dir='ltr'>ἐρρωμένως</span> <span class='ocrx_word' id='word_1_46' title='bbox 620 1143 657 1206; x_wconf 90' lang='grc' dir='ltr'>τὸ</span> <span class='ocrx_word' id='word_1_47' title='bbox 671 1139 820 1232; x_wconf 86' lang='grc' dir='ltr'>πρότερον</span> <span class='ocrx_word' id='word_1_48' title='bbox 830 1137 1036 1233; x_wconf 72' lang='grc' dir='ltr'>’ὑγωνίσαντα</span> <span class='ocrx_word' id='word_1_49' title='bbox 1051 1138 1093 1202; x_wconf 85' lang='grc' dir='ltr'>Οἱ</span> <span class='ocrx_word' id='word_1_50' title='bbox 1110 1128 1147 1203; x_wconf 87' lang='grc' dir='ltr'>δὲ</span> <span class='ocrx_word' id='word_1_51' title='bbox 1167 1137 1305 1228; x_wconf 83' lang='grc' dir='ltr'>πολέμιοι</span> <span class='ocrx_word' id='word_1_52' title='bbox 1316 1134 1383 1209; x_wconf 79' lang='grc' dir='ltr'>τοὺς·</span> 
     </span>
     <span class='ocr_line' id='line_1_8' title="bbox 318 1231 1377 1339; baseline -0.005 -27"><span class='ocrx_word' id='word_1_53' title='bbox 318 1231 497 1337; x_wconf 63' lang='grc' dir='ltr'>Ῥωμαίους,</span> <span class='ocrx_word' id='word_1_54' title='bbox 511 1246 619 1339; x_wconf 86' lang='grc' dir='ltr'>καίπερ</span> <span class='ocrx_word' id='word_1_55' title='bbox 641 1237 696 1311; x_wconf 84' lang='grc' dir='ltr'>δύο</span> <span class='ocrx_word' id='word_1_56' title='bbox 711 1243 924 1336; x_wconf 81' lang='grc' dir='ltr'>σπειρῶν,καὶ</span> <span class='ocrx_word' id='word_1_57' title='bbox 941 1242 1058 1310; x_wconf 79' lang='grc' dir='ltr'>ἐκείνων</span> <span class='ocrx_word' id='word_1_58' title='bbox 1079 1247 1210 1336; x_wconf 89' lang='grc' dir='ltr'>πρώτων</span> <span class='ocrx_word' id='word_1_59' title='bbox 1235 1234 1289 1309; x_wconf 87' lang='grc' dir='ltr'>δύο</span> <span class='ocrx_word' id='word_1_60' title='bbox 1309 1265 1377 1333; x_wconf 85' lang='grc' dir='ltr'>ταγ-</span> 
     </span>
     <span class='ocr_line' id='line_1_9' title="bbox 318 1346 1377 1444; baseline -0.008 -25"><span class='ocrx_word' id='word_1_61' title='bbox 318 1353 446 1444; x_wconf 86' lang='grc' dir='ltr'>μάτων,</span> <span class='ocrx_word' id='word_1_62' title='bbox 469 1355 572 1430; x_wconf 84' lang='grc' dir='ltr'>αὑτοῖς</span> <span class='ocrx_word' id='word_1_63' title='bbox 595 1351 635 1428; x_wconf 82' lang='grc' dir='ltr'>εἰς</span> <span class='ocrx_word' id='word_1_64' title='bbox 660 1350 833 1442; x_wconf 76' lang='grc' dir='ltr'>ἐπικουρίαν</span> <span class='ocrx_word' id='word_1_65' title='bbox 860 1352 920 1417; x_wconf 88' lang='grc' dir='ltr'>ὑπὸ</span> <span class='ocrx_word' id='word_1_66' title='bbox 941 1360 998 1417; x_wconf 83' lang='grc' dir='ltr'>τοὺ</span> <span class='ocrx_word' id='word_1_67' title='bbox 1020 1348 1176 1442; x_wconf 87' lang='grc' dir='ltr'>Καίσαρος</span> <span class='ocrx_word' id='word_1_68' title='bbox 1195 1346 1377 1440; x_wconf 81' lang='grc' dir='ltr'>ἐπιπεμφθει·</span> 
     </span>
     <span class='ocr_line' id='line_1_10' title="bbox 318 1453 1376 1553; baseline 0.002 -29"><span class='ocrx_word' id='word_1_69' title='bbox 318 1467 394 1541; x_wconf 82' lang='grc' dir='ltr'>σῶν,</span> <span class='ocrx_word' id='word_1_70' title='bbox 414 1458 465 1524; x_wconf 85' lang='grc' dir='ltr'>καὶ</span> <span class='ocrx_word' id='word_1_71' title='bbox 484 1458 584 1553; x_wconf 81' lang='grc' dir='ltr'>ὀλίγον</span> <span class='ocrx_word' id='word_1_72' title='bbox 603 1459 658 1524; x_wconf 86' lang='grc' dir='ltr'>ἀπ’</span> <span class='ocrx_word' id='word_1_73' title='bbox 676 1457 818 1531; x_wconf 80' lang='grc' dir='ltr'>ἀλληλων</span> <span class='ocrx_word' id='word_1_74' title='bbox 842 1458 1042 1548; x_wconf 84' lang='grc' dir='ltr'>ἀπεχουσῶν,</span> <span class='ocrx_word' id='word_1_75' title='bbox 1057 1456 1146 1528; x_wconf 82' lang='grc' dir='ltr'>ἀηὺεῖ</span> <span class='ocrx_word' id='word_1_76' title='bbox 1165 1458 1269 1533; x_wconf 79' lang='grc' dir='ltr'>αὑτοῖς</span> <span class='ocrx_word' id='word_1_77' title='bbox 1288 1453 1376 1547; x_wconf 69' lang='grc' dir='ltr'>μάχης</span> 
     </span>
     <span class='ocr_line' id='line_1_11' title="bbox 316 1553 1375 1658; baseline -0.007 -26"><span class='ocrx_word' id='word_1_78' title='bbox 316 1566 423 1657; x_wconf 80' lang='grc' dir='ltr'>τρόπῳ</span> <span class='ocrx_word' id='word_1_79' title='bbox 446 1558 653 1658; x_wconf 80' lang='grc' dir='ltr'>ταράξαντες,</span> <span class='ocrx_word' id='word_1_80' title='bbox 671 1553 723 1628; x_wconf 86' lang='grc' dir='ltr'>διὰ</span> <span class='ocrx_word' id='word_1_81' title='bbox 734 1635 736 1642; x_wconf 49' lang='grc'>,</span> <span class='ocrx_word' id='word_1_82' title='bbox 748 1565 847 1656; x_wconf 80' lang='grc' dir='ltr'>μέσων</span> <span class='ocrx_word' id='word_1_83' title='bbox 865 1566 967 1630; x_wconf 83' lang='grc' dir='ltr'>αὐτῶν</span> <span class='ocrx_word' id='word_1_84' title='bbox 986 1562 1118 1656; x_wconf 78' lang='grc' dir='ltr'>θρασέως</span> <span class='ocrx_word' id='word_1_85' title='bbox 1136 1569 1210 1629; x_wconf 82' lang='grc' dir='ltr'>σῶοι</span> <span class='ocrx_word' id='word_1_86' title='bbox 1228 1554 1375 1636; x_wconf 74' lang='grc' dir='ltr'>διώλεσαν.</span> 
     </span>
     <span class='ocr_line' id='line_1_12' title="bbox 315 1657 1376 1764; baseline -0.006 -27"><span class='ocrx_word' id='word_1_87' title='bbox 315 1657 358 1737; x_wconf 76' lang='grc' dir='ltr'>Εν</span> <span class='ocrx_word' id='word_1_88' title='bbox 384 1673 484 1764; x_wconf 74' lang='grc' dir='ltr'>ταύτῃ</span> <span class='ocrx_word' id='word_1_89' title='bbox 508 1671 561 1763; x_wconf 84' lang='grc' dir='ltr'>μὲν</span> <span class='ocrx_word' id='word_1_90' title='bbox 582 1679 623 1759; x_wconf 73' lang='grc' dir='ltr'>τῇ</span> <span class='ocrx_word' id='word_1_91' title='bbox 645 1669 743 1762; x_wconf 74' lang='grc' dir='ltr'>ἡμέρᾳ</span> <span class='ocrx_word' id='word_1_92' title='bbox 764 1667 895 1748; x_wconf 80' lang='grc' dir='ltr'>Κοίντος</span> <span class='ocrx_word' id='word_1_93' title='bbox 918 1664 1074 1763; x_wconf 76' lang='grc' dir='ltr'>Λαύιίριος</span> <span class='ocrx_word' id='word_1_94' title='bbox 1097 1671 1209 1761; x_wconf 80' lang='grc' dir='ltr'>Δοόρος</span> <span class='ocrx_word' id='word_1_95' title='bbox 1231 1667 1376 1759; x_wconf 88' lang='grc' dir='ltr'>χιλίαρχος</span> 
     </span>
     <span class='ocr_line' id='line_1_13' title="bbox 315 1768 1375 1870; baseline -0.007 -26"><span class='ocrx_word' id='word_1_96' title='bbox 315 1778 487 1870; x_wconf 83' lang='grc' dir='ltr'>μαχόμενος</span> <span class='ocrx_word' id='word_1_97' title='bbox 515 1775 708 1850; x_wconf 70' lang='grc' dir='ltr'>ἀποθνήσκει·</span> <span class='ocrx_word' id='word_1_98' title='bbox 733 1777 762 1842; x_wconf 80' lang='grc' dir='ltr'>οἱ</span> <span class='ocrx_word' id='word_1_99' title='bbox 782 1768 818 1842; x_wconf 85' lang='grc' dir='ltr'>δέ</span> <span class='ocrx_word' id='word_1_100' title='bbox 843 1776 1004 1867; x_wconf 85' lang='grc' dir='ltr'>πολέμιοι,</span> <span class='ocrx_word' id='word_1_101' title='bbox 1027 1776 1176 1844; x_wconf 84' lang='grc' dir='ltr'>πλειόνων</span> <span class='ocrx_word' id='word_1_102' title='bbox 1200 1774 1375 1840; x_wconf 78' lang='grc' dir='ltr'>ἐπελθουσῶν</span> 
     </span>
     <span class='ocr_line' id='line_1_14' title="bbox 313 1881 800 1974; baseline 0 -26"><span class='ocrx_word' id='word_1_103' title='bbox 313 1893 458 1974; x_wconf 87' lang='grc' dir='ltr'>σπειρῶν,</span> <span class='ocrx_word' id='word_1_104' title='bbox 484 1884 573 1960; x_wconf 81' lang='grc' dir='ltr'>τέλος</span> <span class='ocrx_word' id='word_1_105' title='bbox 588 1881 800 1954; x_wconf 84' lang='grc' dir='ltr'>ἀπεώσὺησαν.</span> 
     </span>
    </p>

    <p class='ocr_par' dir='ltr' id='par_1_3' title="bbox 281 1974 1382 3675">
     <span class='ocr_line' id='line_1_15' title="bbox 366 1974 1373 2082; baseline -0.004 -28"><span class='ocrx_word' id='word_1_106' title='bbox 366 1991 458 2059; x_wconf 84' lang='lat' dir='ltr'>XVI.</span> <span class='ocrx_word' id='word_1_107' title='bbox 474 1974 517 2053; x_wconf 74' lang='lat' dir='ltr'>Ev</span> <span class='ocrx_word' id='word_1_108' title='bbox 533 1987 617 2082; x_wconf 74' lang='grc' dir='ltr'>πάσγ</span> <span class='ocrx_word' id='word_1_109' title='bbox 645 1979 681 2054; x_wconf 82' lang='grc' dir='ltr'>δὲ</span> <span class='ocrx_word' id='word_1_110' title='bbox 706 1998 744 2081; x_wconf 75' lang='grc' dir='ltr'>τῇ</span> <span class='ocrx_word' id='word_1_111' title='bbox 767 1988 853 2080; x_wconf 74' lang='grc' dir='ltr'>μάχῃ</span> <span class='ocrx_word' id='word_1_112' title='bbox 871 1991 991 2082; x_wconf 77' lang='grc' dir='ltr'>τοώτρ,</span> <span class='ocrx_word' id='word_1_113' title='bbox 1011 1987 1052 2065; x_wconf 85' lang='grc' dir='ltr'>εἰς</span> <span class='ocrx_word' id='word_1_114' title='bbox 1079 1985 1149 2077; x_wconf 78' lang='grc' dir='ltr'>ὄψιν</span> <span class='ocrx_word' id='word_1_115' title='bbox 1173 1986 1316 2071; x_wconf 78' lang='grc' dir='ltr'>πάντων,</span> <span class='ocrx_word' id='word_1_116' title='bbox 1331 1985 1373 2052; x_wconf 85' lang='grc' dir='ltr'>καὶ</span> 
     </span>
     <span class='ocr_line' id='line_1_16' title="bbox 312 2080 1373 2187; baseline -0.005 -25"><span class='ocrx_word' id='word_1_117' title='bbox 312 2105 368 2163; x_wconf 80' lang='grc' dir='ltr'>τοῦ</span> <span class='ocrx_word' id='word_1_118' title='bbox 390 2105 451 2162; x_wconf 84' lang='grc' dir='ltr'>τῶν</span> <span class='ocrx_word' id='word_1_119' title='bbox 472 2080 622 2186; x_wconf 64' lang='grc' dir='ltr'>Ῥωμαίων</span> <span class='ocrx_word' id='word_1_120' title='bbox 648 2086 845 2187; x_wconf 82' lang='grc' dir='ltr'>ςρατοπέδου</span> <span class='ocrx_word' id='word_1_121' title='bbox 870 2093 1039 2187; x_wconf 79' lang='grc' dir='ltr'>ἔμπροσθεν</span> <span class='ocrx_word' id='word_1_122' title='bbox 1066 2095 1273 2187; x_wconf 74' lang='grc' dir='ltr'>πεποιημένῃ,</span> <span class='ocrx_word' id='word_1_123' title='bbox 1292 2117 1373 2160; x_wconf 80' lang='grc' dir='ltr'>κατε·</span> 
     </span>
     <span class='ocr_line' id='line_1_17' title="bbox 311 2185 1382 2292; baseline -0.004 -25"><span class='ocrx_word' id='word_1_124' title='bbox 311 2201 419 2284; x_wconf 77' lang='grc' dir='ltr'>νούὺη,</span> <span class='ocrx_word' id='word_1_125' title='bbox 436 2201 508 2278; x_wconf 84' lang='grc' dir='ltr'>τοὺς</span> <span class='ocrx_word' id='word_1_126' title='bbox 522 2201 576 2292; x_wconf 81' lang='grc' dir='ltr'>μὲν</span> <span class='ocrx_word' id='word_1_127' title='bbox 593 2185 838 2291; x_wconf 67' lang='grc' dir='ltr'>Ῥωμαίους,διόι</span> <span class='ocrx_word' id='word_1_128' title='bbox 859 2201 897 2266; x_wconf 88' lang='grc' dir='ltr'>τὸ</span> <span class='ocrx_word' id='word_1_129' title='bbox 921 2208 1006 2291; x_wconf 85' lang='grc' dir='ltr'>σρῶν</span> <span class='ocrx_word' id='word_1_130' title='bbox 1027 2192 1176 2277; x_wconf 81' lang='grc' dir='ltr'>ὁπλίσεως</span> <span class='ocrx_word' id='word_1_131' title='bbox 1199 2195 1292 2290; x_wconf 73' lang='grc' dir='ltr'>ἀάρος</span> <span class='ocrx_word' id='word_1_132' title='bbox 1304 2192 1317 2287; x_wconf 90' lang='grc'>(</span> <span class='ocrx_word' id='word_1_133' title='bbox 1328 2190 1382 2263; x_wconf 58' lang='lat' dir='ltr'>Su?</span> 
     </span>
     <span class='ocr_line' id='line_1_18' title="bbox 311 2298 1372 2400; baseline -0.005 -26"><span class='ocrx_word' id='word_1_134' title='bbox 311 2318 415 2374; x_wconf 83' lang='grc' dir='ltr'>ταῦτα</span> <span class='ocrx_word' id='word_1_135' title='bbox 439 2307 492 2398; x_wconf 84' lang='grc' dir='ltr'>μὲν</span> <span class='ocrx_word' id='word_1_136' title='bbox 522 2305 580 2400; x_wconf 80' lang='grc' dir='ltr'>γὰρ</span> <span class='ocrx_word' id='word_1_137' title='bbox 612 2307 682 2372; x_wconf 77' lang='grc' dir='ltr'>οὔτε</span> <span class='ocrx_word' id='word_1_138' title='bbox 710 2308 783 2384; x_wconf 92' lang='grc' dir='ltr'>τοὺς</span> <span class='ocrx_word' id='word_1_139' title='bbox 808 2306 994 2384; x_wconf 90' lang='grc' dir='ltr'>ἀντιπάλους</span> <span class='ocrx_word' id='word_1_140' title='bbox 1018 2305 1044 2372; x_wconf 84' lang='grc' dir='ltr'>εί</span> <span class='ocrx_word' id='word_1_141' title='bbox 1066 2305 1214 2374; x_wconf 87' lang='grc' dir='ltr'>ὑπείκοιεν</span> <span class='ocrx_word' id='word_1_142' title='bbox 1242 2298 1372 2387; x_wconf 89' lang='grc' dir='ltr'>διώκειν,</span> 
     </span>
     <span class='ocr_line' id='line_1_19' title="bbox 311 2406 1372 2506; baseline -0.002 -26"><span class='ocrx_word' id='word_1_143' title='bbox 311 2416 382 2480; x_wconf 87' lang='grc' dir='ltr'>ούτε</span> <span class='ocrx_word' id='word_1_144' title='bbox 402 2413 463 2480; x_wconf 85' lang='grc' dir='ltr'>ἀπὸ</span> <span class='ocrx_word' id='word_1_145' title='bbox 479 2420 540 2478; x_wconf 84' lang='grc' dir='ltr'>τῶν</span> <span class='ocrx_word' id='word_1_146' title='bbox 556 2406 687 2505; x_wconf 80' lang='grc' dir='ltr'>σημείων</span> <span class='ocrx_word' id='word_1_147' title='bbox 701 2413 871 2504; x_wconf 79' lang='grc' dir='ltr'>ἀποχωρεῖν</span> <span class='ocrx_word' id='word_1_148' title='bbox 890 2408 1054 2503; x_wconf 78' lang='grc' dir='ltr'>ἐτολμων)</span> <span class='ocrx_word' id='word_1_149' title='bbox 1076 2414 1151 2506; x_wconf 89' lang='grc' dir='ltr'>πρὸς</span> <span class='ocrx_word' id='word_1_150' title='bbox 1169 2415 1310 2481; x_wconf 90' lang='grc' dir='ltr'>τοιούτου</span> <span class='ocrx_word' id='word_1_151' title='bbox 1324 2437 1372 2478; x_wconf 91' lang='grc' dir='ltr'>πο-</span> 
     </span>
     <span class='ocr_line' id='line_1_20' title="bbox 309 2509 1371 2613; baseline 0 -26"><span class='ocrx_word' id='word_1_152' title='bbox 309 2521 542 2613; x_wconf 77' lang='grc' dir='ltr'>λέμιον’τρόπου</span> <span class='ocrx_word' id='word_1_153' title='bbox 559 2509 751 2599; x_wconf 81' lang='grc' dir='ltr'>ἐπιτηδείους</span> <span class='ocrx_word' id='word_1_154' title='bbox 770 2524 827 2587; x_wconf 91' lang='grc' dir='ltr'>οὑκ</span> <span class='ocrx_word' id='word_1_155' title='bbox 838 2515 923 2586; x_wconf 78' lang='grc' dir='ltr'>εἶναι’·</span> <span class='ocrx_word' id='word_1_156' title='bbox 939 2521 1012 2597; x_wconf 89' lang='grc' dir='ltr'>τοὺς</span> <span class='ocrx_word' id='word_1_157' title='bbox 1026 2509 1057 2584; x_wconf 91' lang='grc' dir='ltr'>δ’</span> <span class='ocrx_word' id='word_1_158' title='bbox 1074 2520 1291 2598; x_wconf 79' lang='grc' dir='ltr'>αὑτωνίππεῖς</span> <span class='ocrx_word' id='word_1_159' title='bbox 1304 2519 1371 2612; x_wconf 80' lang='grc' dir='ltr'>πρός</span> 
     </span>
     <span class='ocr_line' id='line_1_21' title="bbox 310 2616 1373 2721; baseline -0.003 -28"><span class='ocrx_word' id='word_1_160' title='bbox 310 2630 431 2704; x_wconf 77' lang='grc' dir='ltr'>τούτοις</span> <span class='ocrx_word' id='word_1_161' title='bbox 446 2628 498 2693; x_wconf 90' lang='grc' dir='ltr'>σὺν</span> <span class='ocrx_word' id='word_1_162' title='bbox 514 2624 639 2721; x_wconf 77' lang='grc' dir='ltr'>μεγάλῳ</span> <span class='ocrx_word' id='word_1_163' title='bbox 653 2616 783 2712; x_wconf 78' lang='grc' dir='ltr'>κινδύνῳ</span> <span class='ocrx_word' id='word_1_164' title='bbox 797 2634 862 2703; x_wconf 86' lang='grc' dir='ltr'>τοῖς</span> <span class='ocrx_word' id='word_1_165' title='bbox 875 2625 1031 2718; x_wconf 88' lang='grc' dir='ltr'>πολεμίοις</span> <span class='ocrx_word' id='word_1_166' title='bbox 1051 2628 1257 2721; x_wconf 88' lang='grc' dir='ltr'>συμμιγνύειν·</span> <span class='ocrx_word' id='word_1_167' title='bbox 1268 2626 1303 2693; x_wconf 38' lang='grc' dir='ltr'>ὀἱ</span> <span class='ocrx_word' id='word_1_168' title='bbox 1323 2625 1373 2717; x_wconf 88' lang='grc' dir='ltr'>μέν</span> 
     </span>
     <span class='ocr_line' id='line_1_22' title="bbox 281 2724 1370 2828; baseline -0.002 -29"><span class='ocrx_word' id='word_1_169' title='bbox 281 2734 282 2737; x_wconf 57' lang='grc'>’</span> <span class='ocrx_word' id='word_1_170' title='bbox 309 2732 366 2828; x_wconf 82' lang='grc' dir='ltr'>γὰρ</span> <span class='ocrx_word' id='word_1_171' title='bbox 388 2732 557 2826; x_wconf 86' lang='grc' dir='ltr'>Βρηταννοὶ</span> <span class='ocrx_word' id='word_1_172' title='bbox 571 2724 747 2811; x_wconf 76' lang='grc' dir='ltr'>ἐξεπίτηδες</span> <span class='ocrx_word' id='word_1_173' title='bbox 761 2732 909 2809; x_wconf 77' lang='grc' dir='ltr'>πολλάκις</span> <span class='ocrx_word' id='word_1_174' title='bbox 926 2734 1113 2824; x_wconf 79' lang='grc' dir='ltr'>ὑπεχώρουν,</span> <span class='ocrx_word' id='word_1_175' title='bbox 1125 2732 1179 2799; x_wconf 84' lang='grc' dir='ltr'>καὶ</span> <span class='ocrx_word' id='word_1_176' title='bbox 1194 2734 1306 2810; x_wconf 88' lang='grc' dir='ltr'>αὑτοὺς</span> <span class='ocrx_word' id='word_1_177' title='bbox 1317 2728 1370 2798; x_wconf 78' lang='grc' dir='ltr'>ὀλί·</span> 
     </span>
     <span class='ocr_line' id='line_1_23' title="bbox 308 2831 1377 2934; baseline 0.004 -28"><span class='ocrx_word' id='word_1_178' title='bbox 308 2864 361 2934; x_wconf 87' lang='grc' dir='ltr'>γον</span> <span class='ocrx_word' id='word_1_179' title='bbox 377 2839 438 2905; x_wconf 79' lang='grc' dir='ltr'>ἀπὸ</span> <span class='ocrx_word' id='word_1_180' title='bbox 458 2847 519 2905; x_wconf 85' lang='grc' dir='ltr'>τῶν</span> <span class='ocrx_word' id='word_1_181' title='bbox 538 2838 708 2933; x_wconf 77' lang='grc' dir='ltr'>ταγμάτων</span> <span class='ocrx_word' id='word_1_182' title='bbox 724 2838 951 2933; x_wconf 83' lang='grc' dir='ltr'>ὑπαγαγόντες,</span> <span class='ocrx_word' id='word_1_183' title='bbox 964 2840 1027 2907; x_wconf 88' lang='grc' dir='ltr'>ἀπὸ</span> <span class='ocrx_word' id='word_1_184' title='bbox 1046 2846 1108 2905; x_wconf 87' lang='grc' dir='ltr'>τῶν</span> <span class='ocrx_word' id='word_1_185' title='bbox 1129 2831 1262 2905; x_wconf 84' lang='grc' dir='ltr'>ἐσσίδων</span> <span class='ocrx_word' id='word_1_186' title='bbox 1282 2842 1377 2910; x_wconf 63' lang='grc' dir='ltr'>ἐκπην</span> 
     </span>
     <span class='ocr_line' id='line_1_24' title="bbox 308 2930 1377 3039; baseline -0.003 -27"><span class='ocrx_word' id='word_1_187' title='bbox 308 2939 479 3028; x_wconf 76' lang='grc' dir='ltr'>δείσαντες,</span> <span class='ocrx_word' id='word_1_188' title='bbox 493 2937 578 3023; x_wconf 74' lang='grc' dir='ltr'>πεζοὶ</span> <span class='ocrx_word' id='word_1_189' title='bbox 597 2946 735 3013; x_wconf 85' lang='grc' dir='ltr'>ἱππεῦσιν</span> <span class='ocrx_word' id='word_1_190' title='bbox 750 2944 837 3038; x_wconf 78' lang='grc' dir='ltr'>ἀνίσῃ</span> <span class='ocrx_word' id='word_1_191' title='bbox 851 2936 943 3039; x_wconf 73' lang='grc' dir='ltr'>’μάχῃ</span> <span class='ocrx_word' id='word_1_192' title='bbox 958 2944 1122 3037; x_wconf 78' lang='grc' dir='ltr'>ίμάχοντο.</span> <span class='ocrx_word' id='word_1_193' title='bbox 1137 2930 1169 3011; x_wconf 77' lang='grc' dir='ltr'>ί)</span> <span class='ocrx_word' id='word_1_194' title='bbox 1189 2937 1226 3012; x_wconf 85' lang='grc' dir='ltr'>δὲ</span> <span class='ocrx_word' id='word_1_195' title='bbox 1247 2956 1302 3023; x_wconf 84' lang='grc' dir='ltr'>τῆς</span> <span class='ocrx_word' id='word_1_196' title='bbox 1320 2946 1377 3010; x_wconf 82' lang='grc' dir='ltr'>αὑ·-</span> 
     </span>
     <span class='ocr_line' id='line_1_25' title="bbox 309 3044 1366 3143; baseline -0.006 -24"><span class='ocrx_word' id='word_1_197' title='bbox 309 3060 369 3119; x_wconf 84' lang='grc' dir='ltr'>τῶν</span> <span class='ocrx_word' id='word_1_198' title='bbox 387 3049 582 3143; x_wconf 76' lang='grc' dir='ltr'>ἱππομαχίας</span> <span class='ocrx_word' id='word_1_199' title='bbox 607 3052 720 3142; x_wconf 88' lang='grc' dir='ltr'>τρόπος</span> <span class='ocrx_word' id='word_1_200' title='bbox 743 3050 795 3121; x_wconf 86' lang='grc' dir='ltr'>καὶ</span> <span class='ocrx_word' id='word_1_201' title='bbox 815 3048 973 3119; x_wconf 81' lang='grc' dir='ltr'>ὑπείκουσι</span> <span class='ocrx_word' id='word_1_202' title='bbox 995 3050 1049 3117; x_wconf 83' lang='grc' dir='ltr'>καὶ</span> <span class='ocrx_word' id='word_1_203' title='bbox 1067 3044 1213 3119; x_wconf 87' lang='grc' dir='ltr'>διώκουσι</span> <span class='ocrx_word' id='word_1_204' title='bbox 1235 3060 1299 3129; x_wconf 83' lang='grc' dir='ltr'>τοῖς</span> <span class='ocrx_word' id='word_1_205' title='bbox 1312 3058 1366 3117; x_wconf 78' lang='grc' dir='ltr'>τῶν</span> 
     </span>
     <span class='ocr_line' id='line_1_26' title="bbox 305 3144 1367 3251; baseline -0.004 -27"><span class='ocrx_word' id='word_1_206' title='bbox 305 3144 455 3249; x_wconf 69' lang='grc' dir='ltr'>Ρωμαίων</span> <span class='ocrx_word' id='word_1_207' title='bbox 474 3158 613 3225; x_wconf 81' lang='grc' dir='ltr'>ἱππεῦσιν</span> <span class='ocrx_word' id='word_1_208' title='bbox 632 3152 695 3224; x_wconf 81' lang='grc' dir='ltr'>ἶσον</span> <span class='ocrx_word' id='word_1_209' title='bbox 720 3161 860 3251; x_wconf 85' lang='grc' dir='ltr'>ἐπίρερεν</span> <span class='ocrx_word' id='word_1_210' title='bbox 878 3149 1027 3225; x_wconf 89' lang='grc' dir='ltr'>κίνδυνον.</span> <span class='ocrx_word' id='word_1_211' title='bbox 1046 3158 1131 3250; x_wconf 86' lang='grc' dir='ltr'>Πρὸς</span> <span class='ocrx_word' id='word_1_212' title='bbox 1152 3160 1275 3236; x_wconf 88' lang='grc' dir='ltr'>τούτοις</span> <span class='ocrx_word' id='word_1_213' title='bbox 1295 3148 1324 3222; x_wconf 88' lang='grc' dir='ltr'>δ’</span> <span class='ocrx_word' id='word_1_214' title='bbox 1343 3154 1367 3221; x_wconf 81' lang='grc' dir='ltr'>οἱ</span> 
     </span>
     <span class='ocr_line' id='line_1_27' title="bbox 305 3255 1366 3359; baseline -0.006 -27"><span class='ocrx_word' id='word_1_215' title='bbox 305 3266 448 3355; x_wconf 83' lang='grc' dir='ltr'>πολέμιοι</span> <span class='ocrx_word' id='word_1_216' title='bbox 461 3255 611 3329; x_wconf 82' lang='grc' dir='ltr'>οὐδέποτε</span> <span class='ocrx_word' id='word_1_217' title='bbox 627 3266 880 3357; x_wconf 82' lang='grc' dir='ltr'>συνεσπαρμένον,</span> <span class='ocrx_word' id='word_1_218' title='bbox 891 3264 961 3331; x_wconf 86' lang='grc' dir='ltr'>ἀλλ’</span> <span class='ocrx_word' id='word_1_219' title='bbox 974 3263 1021 3332; x_wconf 89' lang='grc' dir='ltr'>ἀεὶ</span> <span class='ocrx_word' id='word_1_220' title='bbox 1034 3262 1149 3359; x_wconf 86' lang='grc' dir='ltr'>ὀλίγοι,</span> <span class='ocrx_word' id='word_1_221' title='bbox 1163 3264 1215 3331; x_wconf 81' lang='grc' dir='ltr'>καὶ</span> <span class='ocrx_word' id='word_1_222' title='bbox 1228 3265 1305 3332; x_wconf 90' lang='grc' dir='ltr'>πολὺ</span> <span class='ocrx_word' id='word_1_223' title='bbox 1318 3261 1366 3327; x_wconf 76' lang='grc' dir='ltr'>ἀπ’</span> 
     </span>
     <span class='ocr_line' id='line_1_28' title="bbox 305 3361 1366 3463; baseline -0.002 -26"><span class='ocrx_word' id='word_1_224' title='bbox 305 3372 445 3445; x_wconf 82' lang='grc' dir='ltr'>ἀλληλων</span> <span class='ocrx_word' id='word_1_225' title='bbox 473 3361 641 3453; x_wconf 69' lang='grc' dir='ltr'>διεςῶτεςς</span> <span class='ocrx_word' id='word_1_226' title='bbox 660 3369 833 3462; x_wconf 86' lang='grc' dir='ltr'>ἐμάχοντο,</span> <span class='ocrx_word' id='word_1_227' title='bbox 857 3369 909 3436; x_wconf 87' lang='grc' dir='ltr'>καὶ</span> <span class='ocrx_word' id='word_1_228' title='bbox 935 3370 975 3447; x_wconf 84' lang='grc' dir='ltr'>εἰς</span> <span class='ocrx_word' id='word_1_229' title='bbox 1007 3362 1130 3463; x_wconf 83' lang='grc' dir='ltr'>ἐνέδρας</span> <span class='ocrx_word' id='word_1_230' title='bbox 1156 3370 1366 3449; x_wconf 81' lang='grc' dir='ltr'>καταςάντες,</span> 
     </span>
     <span class='ocr_line' id='line_1_29' title="bbox 304 3462 1364 3570; baseline 0.001 -27"><span class='ocrx_word' id='word_1_231' title='bbox 304 3478 455 3553; x_wconf 63' lang='grc' dir='ltr'>ἀλλήλους</span> <span class='ocrx_word' id='word_1_232' title='bbox 482 3462 765 3567; x_wconf 68' lang='grc' dir='ltr'>διεδέχοντο.’Ῐὺπεὶ</span> <span class='ocrx_word' id='word_1_233' title='bbox 787 3474 878 3570; x_wconf 72' lang='grc' dir='ltr'>γὰρὴ</span> <span class='ocrx_word' id='word_1_234' title='bbox 895 3480 1004 3569; x_wconf 78' lang='grc' dir='ltr'>πρώτη</span> <span class='ocrx_word' id='word_1_235' title='bbox 1028 3471 1116 3555; x_wconf 74' lang='grc' dir='ltr'>τάξις</span> <span class='ocrx_word' id='word_1_236' title='bbox 1138 3472 1364 3570; x_wconf 75' lang='grc' dir='ltr'>ἕκαμνεν,ἀλλη</span> 
     </span>
     <span class='ocr_line' id='line_1_30' title="bbox 302 3578 1276 3675; baseline -0.001 -27"><span class='ocrx_word' id='word_1_237' title='bbox 302 3584 410 3659; x_wconf 80' lang='grc' dir='ltr'>νεαλὴς</span> <span class='ocrx_word' id='word_1_238' title='bbox 424 3585 564 3675; x_wconf 72' lang='grc' dir='ltr'>προσγίει,</span> <span class='ocrx_word' id='word_1_239' title='bbox 578 3584 629 3648; x_wconf 87' lang='grc' dir='ltr'>καὶ</span> <span class='ocrx_word' id='word_1_240' title='bbox 648 3578 737 3655; x_wconf 88' lang='grc' dir='ltr'>ἀλλη.</span> <span class='ocrx_word' id='word_1_241' title='bbox 1272 3618 1276 3621; x_wconf 85' lang='grc'><em>·</em></span> 
     </span>
    </p>

    <p class='ocr_par' dir='ltr' id='par_1_4' title="bbox 298 3676 1463 4208">
     <span class='ocr_line' id='line_1_31' title="bbox 355 3676 1365 3782; baseline -0.002 -29"><span class='ocrx_word' id='word_1_242' title='bbox 355 3689 464 3755; x_wconf 86' lang='lat' dir='ltr'>XVII.</span> <span class='ocrx_word' id='word_1_243' title='bbox 490 3691 537 3761; x_wconf 73' lang='grc' dir='ltr'>Τῆ</span> <span class='ocrx_word' id='word_1_244' title='bbox 558 3680 587 3753; x_wconf 87' lang='grc' dir='ltr'>δ’</span> <span class='ocrx_word' id='word_1_245' title='bbox 609 3690 733 3782; x_wconf 70' lang='grc' dir='ltr'>ἐπιούσῃ</span> <span class='ocrx_word' id='word_1_246' title='bbox 758 3691 875 3782; x_wconf 77' lang='grc' dir='ltr'>ἡμέρᾳ,</span> <span class='ocrx_word' id='word_1_247' title='bbox 892 3692 971 3756; x_wconf 89' lang='grc' dir='ltr'>πολὺ</span> <span class='ocrx_word' id='word_1_248' title='bbox 992 3692 1053 3758; x_wconf 87' lang='grc' dir='ltr'>ἀπὸ</span> <span class='ocrx_word' id='word_1_249' title='bbox 1070 3701 1132 3758; x_wconf 82' lang='grc' dir='ltr'>τῶν</span> <span class='ocrx_word' id='word_1_250' title='bbox 1153 3676 1320 3782; x_wconf 65' lang='grc' dir='ltr'>Ῥωμαίων,</span> <span class='ocrx_word' id='word_1_251' title='bbox 1338 3688 1365 3751; x_wconf 84' lang='grc' dir='ltr'>ἐν</span> 
     </span>
     <span class='ocr_line' id='line_1_32' title="bbox 300 3787 1463 3891; baseline -0.003 -29"><span class='ocrx_word' id='word_1_252' title='bbox 300 3795 396 3888; x_wconf 81' lang='grc' dir='ltr'>ὄρεσιν</span> <span class='ocrx_word' id='word_1_253' title='bbox 413 3795 440 3860; x_wconf 92' lang='grc' dir='ltr'>οἱ</span> <span class='ocrx_word' id='word_1_254' title='bbox 457 3796 598 3887; x_wconf 83' lang='grc' dir='ltr'>πολέμιοι</span> <span class='ocrx_word' id='word_1_255' title='bbox 620 3787 1048 3891; x_wconf 84' lang='grc' dir='ltr'>ἐςρατοπεδεύσαντο,ὀλίγοι</span> <span class='ocrx_word' id='word_1_256' title='bbox 1070 3800 1102 3863; x_wconf 82' lang='grc' dir='ltr'>τ’</span> <span class='ocrx_word' id='word_1_257' title='bbox 1125 3796 1301 3887; x_wconf 80' lang='grc' dir='ltr'>ἐφαίνοντο,</span> <span class='ocrx_word' id='word_1_258' title='bbox 1318 3789 1364 3859; x_wconf 79' lang='grc' dir='ltr'>καὶ</span> <span class='ocrx_word' id='word_1_259' title='bbox 1462 3789 1463 3826; x_wconf 67' lang='lat'>³</span> 
     </span>
     <span class='ocr_line' id='line_1_33' title="bbox 300 3887 1463 3995; baseline -0.003 -28"><span class='ocrx_word' id='word_1_260' title='bbox 300 3898 422 3975; x_wconf 72' lang='grc' dir='ltr'>ὀττονῆ</span> <span class='ocrx_word' id='word_1_261' title='bbox 434 3910 474 3993; x_wconf 68' lang='grc' dir='ltr'>τῇ</span> <span class='ocrx_word' id='word_1_262' title='bbox 488 3900 656 3993; x_wconf 77' lang='grc' dir='ltr'>προτεραίᾳ</span> <span class='ocrx_word' id='word_1_263' title='bbox 666 3902 738 3979; x_wconf 88' lang='grc' dir='ltr'>τοὺς</span> <span class='ocrx_word' id='word_1_264' title='bbox 755 3910 817 3969; x_wconf 83' lang='grc' dir='ltr'>τῶν</span> <span class='ocrx_word' id='word_1_265' title='bbox 831 3887 981 3994; x_wconf 69' lang='grc' dir='ltr'>Ῥωμαίων</span> <span class='ocrx_word' id='word_1_266' title='bbox 995 3905 1096 3982; x_wconf 85' lang='grc' dir='ltr'>ίππεῒς</span> <span class='ocrx_word' id='word_1_267' title='bbox 1109 3903 1150 3981; x_wconf 83' lang='grc' dir='ltr'>είς</span> <span class='ocrx_word' id='word_1_268' title='bbox 1164 3903 1266 3995; x_wconf 84' lang='grc' dir='ltr'>μάχην</span> <span class='ocrx_word' id='word_1_269' title='bbox 1278 3902 1365 3992; x_wconf 80' lang='grc' dir='ltr'>προὺ·</span> <span class='ocrx_word' id='word_1_270' title='bbox 1462 3887 1463 3894; x_wconf 28' lang='lat'>¹</span> 
     </span>
     <span class='ocr_line' id='line_1_34' title="bbox 299 3998 1463 4103; baseline 0.001 -30"><span class='ocrx_word' id='word_1_271' title='bbox 299 4014 461 4073; x_wconf 83' lang='grc' dir='ltr'>καλοῦντα.</span> <span class='ocrx_word' id='word_1_272' title='bbox 477 4008 527 4100; x_wconf 75' lang='grc' dir='ltr'>Τῇ</span> <span class='ocrx_word' id='word_1_273' title='bbox 545 3998 580 4073; x_wconf 81' lang='grc' dir='ltr'>δὲ</span> <span class='ocrx_word' id='word_1_274' title='bbox 597 4002 789 4101; x_wconf 78' lang='grc' dir='ltr'>μεσημόρίᾳ,</span> <span class='ocrx_word' id='word_1_275' title='bbox 803 4009 1029 4103; x_wconf 73' lang='grc' dir='ltr'>τοὺίίαίσαρος</span> <span class='ocrx_word' id='word_1_276' title='bbox 1045 4008 1117 4102; x_wconf 90' lang='grc' dir='ltr'>τρία</span> <span class='ocrx_word' id='word_1_277' title='bbox 1134 4010 1298 4103; x_wconf 78' lang='grc' dir='ltr'>τάγματα,</span> <span class='ocrx_word' id='word_1_278' title='bbox 1316 4002 1363 4071; x_wconf 84' lang='grc' dir='ltr'>καὶ</span> <span class='ocrx_word' id='word_1_279' title='bbox 1462 4049 1463 4074; x_wconf 75' lang='grc'>;</span> 
     </span>
     <span class='ocr_line' id='line_1_35' title="bbox 298 4110 1463 4208; baseline 0.001 -29"><span class='ocrx_word' id='word_1_280' title='bbox 298 4114 354 4187; x_wconf 69' lang='grc' dir='ltr'>τὴν</span> <span class='ocrx_word' id='word_1_281' title='bbox 368 4114 461 4180; x_wconf 84' lang='grc' dir='ltr'>ἵππον</span> <span class='ocrx_word' id='word_1_282' title='bbox 477 4117 588 4181; x_wconf 76' lang='grc' dir='ltr'>ἑαυτοῦ</span> <span class='ocrx_word' id='word_1_283' title='bbox 602 4118 703 4181; x_wconf 76' lang='grc' dir='ltr'>πᾶσαν</span> <span class='ocrx_word' id='word_1_284' title='bbox 719 4116 772 4181; x_wconf 91' lang='grc' dir='ltr'>σὺν</span> <span class='ocrx_word' id='word_1_285' title='bbox 784 4111 867 4201; x_wconf 83' lang='grc' dir='ltr'>Γαίῳ</span> <span class='ocrx_word' id='word_1_286' title='bbox 881 4110 1041 4208; x_wconf 79' lang='grc' dir='ltr'>Τρηόονίῳ</span> <span class='ocrx_word' id='word_1_287' title='bbox 1050 4119 1110 4201; x_wconf 76' lang='grc' dir='ltr'>,ἑνὶ</span> <span class='ocrx_word' id='word_1_288' title='bbox 1123 4124 1186 4183; x_wconf 81' lang='grc' dir='ltr'>τῶν</span> <span class='ocrx_word' id='word_1_289' title='bbox 1195 4120 1362 4205; x_wconf 74' lang='grc' dir='ltr'>ὑποςρατπ</span> <span class='ocrx_word' id='word_1_290' title='bbox 1462 4147 1463 4152; x_wconf 53' lang='grc'>’</span> 
     </span>
    </p>
   </div>
   <div class='ocr_carea' id='block_1_3' title="bbox 0 0 1504 5025">
    <p class='ocr_par' dir='ltr' id='par_1_5' title="bbox 0 0 1504 5025">
     <span class='ocr_line' id='line_1_36' title="bbox 0 0 1504 5025; baseline 0 6"><span class='ocrx_word' id='word_1_291' title='bbox 0 0 1504 5025; x_wconf 95' lang='lat' dir='ltr'> </span> 
     </span>
    </p>
   </div>
  </div>
 </body>
</html>
