3000 5025
314 440 385 519 138
520 444 550 513 J.
578 442 743 513 CELSI
770 440 1182 519 COMMENTARII
1218 475 1221 479 ·

309 600 374 670 que
388 573 528 671 periculi
538 578 574 645 iu
584 576 758 669 iniquitate
768 573 833 643 loci
846 574 910 656 sit,
928 574 1097 658 ostendit,
1111 574 1272 645 adversus
1289 599 1402 669 quam

309 684 504 768 occasione,
524 707 594 753 non
606 680 739 777 prelio,
759 683 802 749 sit
818 680 990 749 utendum.
1010 682 1061 750 Ut
1075 681 1194 751 milites
1212 706 1296 777 ergo
1314 705 1403 751 suos

310 791 522 873 contineant,
533 803 665 873 monet,
678 802 778 882 atque
791 790 934 881 imperat
945 813 988 856 ne
1002 788 1055 855 tel
1068 814 1191 883 pugnae
1204 788 1257 857 vel
1270 788 1406 883 praedae

311 894 487 965 dulcedine
494 898 742 991 sapientumque
753 894 972 989 nonenpedit
980 895 1403 978 Siesuosalfatus,AEduos

312 1027 451 1074 ascensu
472 1002 543 1073 alio
558 1003 603 1072 ad
627 996 878 1097 portassoppidi
900 1000 1067 1096 proficisci
1086 1002 1191 1095 jubet.
1205 1001 1303 1071 'Inde
1326 1004 1404 1071 suis

311 1108 470 1178 militibus
500 1112 633 1205 signium
665 1109 742 1193 dat,
767 1133 838 1202 quo
863 1123 1025 1205 accepto,
1049 1106 1276 1203 rapidissime,
1302 1109 1406 1177 unde

311 1240 399 1286 unus
410 1240 567 1286 ascensus
580 1216 768 1298 videretur,
781 1215 1037 1285 admonitiones
1048 1216 1163 1286 obvias
1176 1217 1402 1311 perveniunt:

312 1323 433 1417 quibus
451 1322 545 1393 dieto
564 1324 660 1393 titius
680 1324 901 1407 transmissis,
919 1325 1007 1391 trina
1024 1324 1172 1393 bostium
1192 1337 1301 1393 eastra
1320 1348 1404 1391 eor·

312 1432 460 1524 ripiunt,
477 1444 571 1501 unta
599 1429 789 1514 celeritate,
811 1444 851 1499 ut
871 1434 1106 1513 Teutomatus,
1125 1454 1212 1499 unns
1233 1454 1252 1497 e
1270 1428 1402 1524 regulis

314 1535 507 1621 Gallorum,
522 1537 604 1606 dum
617 1538 868 1622 meridiaretnr,
887 1539 922 1606 in
941 1536 1065 1607 lectulo
1082 1536 1326 1632 deprehensns,
1340 1538 1404 1605 vix

313 1666 435 1713 manus
449 1644 593 1715 militum
607 1647 817 1742 semisopitus
831 1660 866 1713 et
885 1644 1077 1713 seminudus
1094 1646 1246 1713 evaserit
1264 1647 1401 1727 Cesar,

312 1750 391 1834 ubi,
411 1751 503 1845 quod
522 1754 635 1821 aninlo
652 1752 866 1836 decreverat,
884 1766 997 1820 actum
1017 1750 1130 1835 videt,
1152 1752 1302 1845 receptui
1319 1751 1401 1818 cani

313 1859 476 1952 imperat.
492 1858 638 1927 substitit
659 1858 747 1955 legio
764 1884 838 1954 quen
862 1860 1050 1953 propinqua
1073 1873 1165 1944 erat3
1171 1856 1292 1925 altera
1312 1882 1401 1927 vero

314 1966 495 2048 remotior,
514 1990 573 2033 seu
594 1966 689 2059 signo
714 1990 775 2059 per
794 1964 984 2034 distantiam
1006 1989 1077 2033 non
1097 1964 1230 2048 audito,
1248 1988 1308 2033 seu
1329 1963 1402 2032 fer·

290 2074 291 2077 ’
314 2094 398 2140 vore
418 2072 541 2140 mettio
561 2070 753 2165 impellente
774 2073 920 2155 animos,
939 2073 1091 2165 quamvis
1111 2070 1330 2141 retinentibus
1351 2069 1400 2139 le·

316 2179 418 2272 gatis,
431 2178 552 2272 quilurs
564 2178 633 2246 boe
645 2177 711 2247 ab
703 2193 904 2273 imperatore
917 2178 1114 2248 mandatum
1124 2192 1213 2261 eret,
1226 2192 1261 2247 et
1278 2178 1401 2245 virtuti

315 2298 447 2353 tantum
464 2285 629 2379 propriae,
645 2299 680 2352 ct
699 2284 786 2379 fuge
799 2285 946 2355 hostium
961 2284 1105 2369 confisa,
1126 2299 1161 2354 et
1176 2285 1401 2353 victoriarum

315 2412 453 2459 sunum
469 2392 649 2475 memoria,
668 2390 714 2460 nil
729 2391 883 2486 judicans
900 2391 1052 2477 difficile,
1071 2416 1141 2460 non
1158 2392 1250 2485 prius
1266 2392 1401 2485 insequi

315 2496 441 2566 destitit
457 2523 558 2591 quam
577 2497 750 2594 adportas
769 2499 885 2594 oppidi
904 2501 1102 2595 perveniret
1121 2500 1319 2592 Tantusque
1333 2524 1399 2566 un·

316 2602 418 2697 dique
432 2603 582 2674 sublatus
598 2619 648 2674 est
665 2605 792 2675 clamor
803 2621 838 2674 et
854 2606 993 2676 clamori
1009 2608 1109 2674 etiam
1126 2606 1249 2674 mixtim
1261 2629 1398 2691 mmor,

315 2713 487 2780 Romanos
498 2712 623 2807 oppido
637 2714 756 2807 potiri,
771 2727 810 2781 ut
822 2712 924 2808 aliqui
938 2711 1041 2781 altera
1055 2737 1097 2782 ex
1109 2726 1221 2808 parte,
1236 2714 1310 2807 ipso
1324 2737 1400 2782 sese

316 2817 445 2913 oppido
469 2821 714 2914 praecipitanter
741 2823 1113 2916 eriperent;mat1onae
1138 2832 1250 2887 autem
1278 2817 1399 2889 flentes

316 2927 449 2994 veniam
470 2941 621 3010 orarent,
640 2951 701 3011 ne,
726 2928 813 2997 sicut
833 2928 966 2996 Avarici
987 2941 1117 3022 gestum
1140 2940 1231 3010 erat,
1251 2925 1400 2996 foeminae

317 3032 419 3100 etiam
443 3045 545 3125 atque
563 3032 980 3116 infantes.oceiderentur;
1002 3048 1109 3128 utque
1128 3033 1162 3100 id
1184 3031 1313 3103 facilius
1333 3035 1398 3101 im·

317 3151 503 3232 pctraoent,
517 3163 538 3206 e
554 3142 660 3210 muris
672 3155 799 3210 vestem
818 3155 1061 3236 argentumque
1077 3138 1295 3235 projicerent3
1312 3165 1400 3233 quae·
1429 3218 1432 3222 ¹

317 3242 397 3314 dam
408 3270 556 3339 quoque,
568 3271 628 3341 per
640 3273 776 3316 murum
788 3247 959 3330 demissae,
974 3272 1045 3316 sese
1060 3246 1231 3316 traderent
1244 3247 1280 3314 in
1293 3245 1399 3315 fidem

317 3366 352 3422 et
374 3351 511 3421 brachia
530 3378 746 3423 romanorum
773 3352 924 3423 militnm.
948 3355 1074 3424 Lucius
1092 3353 1250 3437 Sabinus,
1268 3367 1400 3424 octava

318 3461 470 3528 centurio
491 3458 647 3555 legionis,
672 3459 787 3530 multis
810 3461 1041 3547 audientibus,
1066 3461 1121 3528 die
1147 3458 1222 3544 illo,
1244 3459 1397 3545 dixerat,

318 3589 355 3635 se
382 3567 525 3660 praemiis
551 3567 816 3652 auaricensibue,
838 3568 959 3662 quibus
982 3571 1095 3638 Cesar
1117 3570 1206 3636 nutri
1229 3565 1317 3636 illius
1345 3592 1397 3637 as·

317 3697 490 3742 censorem
511 3675 657 3769 primum
682 3673 883 3762 donaverat,
902 3678 1102 3759 excitatum,
1125 3699 1193 3742 non
1217 3698 1397 3770 passurum

216 3871 219 3878 γ
318 3794 357 3848 ut
370 3783 545 3876 qnisquam
564 3782 741 3875 Gergoviae
754 3806 889 3854 munim
906 3799 984 3852 ante
998 3807 1033 3853 se
1047 3781 1229 3854 scanderet.
1242 3784 1277 3851 Is
1291 3805 1396 3902 quum

318 3888 446 3981 primm
471 3887 514 3957 ad
534 3911 669 3958 murum
691 3891 854 3976 venisset,
875 3892 978 3960 trium
999 3913 1137 3960 suorum
1160 3913 1232 3984 ope
1241 3891 1396 3982 manipu-

319 3991 468 4064 larium
459 4019 494 4063 in
515 3991 609 4064 illum
629 3994 823 4068 sublevatus
832 4012 959 4092 ,atque
982 3999 1073 4118 ipse,
1087 4021 1146 4066 eos
1170 3997 1337 4091 excipiens
1360 3997 1397 4062 in

321 4124 455 4172 murum
481 4100 670 4192 exutliseet,
690 4107 779 4200 capti
802 4105 918 4201 oppidi
942 4107 1087 4201 speeiem
1110 4099 1307 4198 prebuerat.
1331 4099 1396 4171 Sed
