3000 5025
298 244 314 281 4

309 436 384 508 126
518 440 547 505 t.
577 438 731 505 causi
761 414 1161 504 conmutatum

306 574 430 666 eoepit:
450 568 507 641 illo
523 594 660 665 quoque
681 570 755 663 paui
774 570 843 637 iota
860 570 1045 663 scorpionis
1064 569 1195 655 oeciso,
1206 590 1288 639 mox
1304 589 1382 644 suo-

306 680 407 748 oessit
427 680 561 765 teatina,
580 691 616 745 et
641 680 739 745 tertio
760 690 922 769 quartus3
943 699 1009 744 uec
1033 690 1114 743 ante
1136 680 1382 749 meceseiomrm

305 784 423 855 talium
437 784 511 853 fiais
523 784 601 871 init,
620 807 722 877 ptam
733 785 885 851 eunome
899 785 991 877 igne,
1002 781 1216 878 depulsisque
1229 784 1385 855 hostibus

306 895 341 959 iu
363 890 543 987 oppidum,
561 913 682 985 pugnae
701 891 801 958 etim
821 889 899 958 fiais
915 903 1013 958 esset.
1034 892 1291 985 Vercingetorix
1311 908 1386 962 tan-

305 998 403 1087 dein,
425 998 673 1093 oppidanorum
693 998 814 1065 animas
830 1011 936 1091 atque
956 997 1154 1091 corporibus
1169 998 1336 1092 fatigatis,
1348 1016 1387 1069 ut

197 1179 199 1185 s
304 1130 450 1199 quorum
471 1120 612 1174 conanus
635 1128 751 1173 omnes
773 1105 809 1172 in
825 1103 967 1171 nihilum
986 1103 1198 1192 recidissent,
1214 1106 1302 1200 luge
1322 1106 1387 1177 illis

306 1226 425 1283 auctor
451 1237 523 1281 esse
545 1212 662 1305 coepit,
687 1234 789 1305 quam
805 1224 917 1279 tutam
940 1210 1015 1279 ‘fore
1039 1225 1226 1281 castrorum
1247 1235 1388 1282 ntorum

305 1321 459 1387 vicinitas
470 1318 576 1387 dabat
588 1332 700 1412 spem,
722 1332 757 1387 et
774 1320 906 1411 insequi
923 1317 1113 1387 volentibus
1129 1318 1262 1411 objecta
1273 1319 1390 1415 palus3

306 1426 350 1495 ad
367 1426 401 1493 id
413 1442 616 1495 uonurman
632 1440 768 1520 tempus
788 1424 947 1493 idoneum
963 1426 1075 1493 visum
1092 1436 1183 1513 erut,
1198 1426 1287 1521 lugat
1301 1452 1390 1496 oon-

307 1532 416 1601 silium
437 1558 532 1603 casm
549 1531 709 1601 mirabilis
728 1531 912 1627 impedivit
928 1534 1007 1600 Noa
1023 1531 1155 1620 aderat,
1172 1548 1207 1601 et
1222 1548 1315 1602 tutes
1325 1559 1391 1630 per

306 1640 460 1709 tenebras
478 1642 584 1709 ituros
603 1664 637 1709 se
656 1640 856 1735 sperabant:
878 1653 951 1707 tttm
968 1653 1147 1727 matrouae,
1169 1638 1242 1709 alite
1264 1664 1390 1735 parvu-

307 1744 357 1815 los
377 1771 453 1815 suos
476 1748 676 1842 stringentes
693 1746 735 1815 ad
758 1746 878 1833 ubera,
897 1744 969 1813 alita
988 1745 1085 1813 lirani
1099 1759 1213 1815 stratae
1228 1747 1392 1817 debiliter

307 1852 542 1940 obsecrabant,
560 1878 602 1922 aa
624 1876 678 1940 se,
696 1876 782 1921 nere
797 1876 995 1921 oammunes
1013 1850 1100 1920 lilios
1116 1853 1270 1923 hostibus
1282 1855 1327 1923 ad
1344 1854 1394 1925 lu-

307 1959 452 2027 dibrium
466 1975 502 2028 et
515 1959 557 2027 ad
568 1978 706 2054 prauam
716 1960 857 2045 darent3
871 1958 1052 2053 sequidem
1064 1958 1111 2026 ad
1119 1960 1392 2055 prosequendam

306 2090 445 2135 suorum
464 2066 582 2161 dagam
602 2090 697 2153 sexu,
721 2079 817 2135 aetate
842 2063 916 2133 idos
940 2064 1122 2154 muulidos3
1143 2068 1203 2135 ubi
1221 2090 1302 2137 suas
1323 2092 1392 2140 nec

296 2174 429 2266 pietate
448 2196 512 2242 neo
529 2173 686 2267 precibus
705 2172 810 2260 lleeti,
830 2184 866 2239 et
885 2173 920 2239 in
943 2174 1117 2267 proposito
1144 2174 1229 2246 fixos
1253 2175 1392 2267 vident,

301 2293 341 2348 et
362 2280 525 2374 pudorem
545 2293 582 2347 et
601 2299 749 2347 amorem
771 2292 952 2372 superante
973 2294 1087 2367 metu,
1106 2305 1129 2348 e
1149 2283 1254 2350 minis
1275 2282 1393 2353 exula-

306 2410 417 2475 mare,
436 2401 473 2457 et
494 2387 669 2471 Romanis,
686 2399 725 2453 ut
742 2400 916 2480 poteraut,
935 2386 1018 2454 dare
1039 2387 1191 2455 instantis
1208 2388 1296 2482 fiagae
1311 2414 1393 2459 sen-
1458 2469 1463 2477 ,

308 2518 382 2562 sum
404 2494 622 2588 inruperunt.
639 2494 719 2582 Quo
737 2506 830 2561 metu
845 2492 1019 2588 oppidani,
1035 2517 1095 2581 ne,
1117 2517 1153 2562 re
1176 2496 1220 2563 ab
1233 2496 1393 2569 nostibus

307 2599 492 2689 intellecta,
511 2599 681 2695 praeclusis
701 2600 877 2668 itineribus
893 2615 1112 2696 caperentur,
1132 2602 1271 2672 consilio
1289 2604 1392 2674 desti·

307 2721 429 2777 terunt.
452 2711 583 2794 Caesar,
597 2707 652 2775 die
675 2709 851 2801 proximo,
868 2731 975 2801 (prum
990 2730 1089 2774 muro
1101 2709 1217 2803 oppidi
1229 2722 1341 2780 turres
1356 2729 1394 2783 et

306 2815 479 2884 ‘machinas
507 2815 727 2902 admovisset,
755 2829 893 2908 tepente
920 2829 1035 2883 tannis
1058 2815 1165 2883 imber
1186 2817 1310 2887 nimbis
1338 2821 1394 2888 af·

309 2920 424 3009 fluxit,
445 2935 485 2989 ut
510 2919 666 3016 perfacile
686 2935 778 2989 esset
805 2920 906 2988 alium
930 2923 1108 2989 territurus
1132 2948 1139 2989 :
1166 2937 1205 2990 at
1233 2926 1304 3018 ipse
1332 2929 1394 3020 qui

250 3075 252 3078 -
310 3050 397 3121 saepe
420 3026 515 3095 foedis
535 3027 789 3122 tempestatibus
813 3027 860 3094 ad
884 3029 1101 3095 victoriarum
1122 3031 1172 3096 uti
1194 3030 1317 3099 soleret
1331 3056 1393 3101 oc-

310 3135 498 3221 casionem,
515 3134 576 3203 sibi
594 3132 675 3201 illud
684 3137 750 3202 iter
766 3132 860 3200 adid
880 3132 973 3227 quod
987 3135 1181 3204 intendebat
1196 3141 1393 3232 apparuisse

308 3242 518 3329 existimans,
532 3240 623 3335 quod
637 3255 671 3308 et
684 3265 762 3310 suos
776 3239 819 3307 ad
827 3263 916 3333 opus
929 3238 1027 3309 solito
1041 3243 1206 3336 pigriores
1218 3261 1393 3336 caneret,

310 3361 344 3415 et
364 3347 477 3420 hostes
497 3347 541 3416 ad
569 3345 706 3416 tutelam
727 3345 843 3441 oppidi
865 3344 972 3416 lentos
989 3361 1028 3416 et
1049 3349 1200 3419 incamus
1217 3374 1262 3418 ex
1283 3354 1394 3422 rario-

310 3453 401 3522 ribus
426 3479 487 3550 per
510 3479 626 3523 muros
649 3453 806 3522 custodiis
831 3451 1133 3524 animadverteret:
1157 3458 1312 3527 hortatus
1329 3463 1392 3528 mi·

310 3558 383 3630 lites
393 3614 403 3649 ,
414 3577 454 3630 ut
469 3561 619 3630 fructum¹
629 3559 765 3628 tandem
779 3558 870 3654 longi
881 3560 1004 3630 laboris
1016 3564 1264 3658 arriperent,et
1272 3567 1393 3659 primis

309 3669 344 3734 iu
374 3693 489 3738 muros
517 3668 701 3738 asuensuris
731 3669 869 3761 prumia
898 3683 1061 3738 consueta
1087 3669 1275 3764 pollicitus,
1309 3675 1393 3742 triba

311 3773 414 3868 praelii
432 3777 563 3870 signiam
585 3773 685 3842 dedit.
701 3776 758 3842 Ira
776 3775 879 3868 igitur
893 3789 930 3843 et
945 3799 1006 3870 spe
1027 3779 1155 3870 praemii
1177 3778 1393 3867 stimulante,

311 3895 346 3948 et
371 3905 573 3977 unoquoque
593 3883 745 3950 certatim
763 3881 932 3951 adnitente
954 3885 1100 3977 primum
1118 3885 1261 3978 gradum
1283 3885 1393 3956 laudis

310 3989 581 4081 apprehendere,
602 3990 691 4057 muri
712 3988 859 4084 undique
880 3989 924 4057 ad
945 3989 1075 4084 fastigia
1092 4014 1160 4058 uon
1182 4006 1250 4059 tam
1273 4015 1392 4062 ascen·

312 4093 433 4164 demant
448 4121 549 4190 quam
564 4095 796 4165 evolaverunt.
817 4094 1002 4191 stupefacti
1018 4099 1107 4166 cives
1125 4100 1294 4193 insperata
1311 4101 1392 4170 hos·
