3000 5025
281 488 333 534 xn
690 463 966 533 EDITORIS.

283 620 396 692 7,29;
409 596 587 667 ttamen
602 612 672 682 est,
700 601 762 667 et‘c.
779 596 857 666 ibid.
874 594 909 684 3,
929 594 1353 684 103Libenterdwmines‚

281 702 358 772 ibid.
382 700 424 787 3,
448 704 503 775 18.
531 703 724 773 Iracundia
745 719 782 772 et
799 708 992 790 temeritas,
1023 718 1085 773 etc.
1108 702 1186 772 ibid.
1221 727 1264 810 7,
1287 706 1360 791 42,

279 812 404 880 Animi
418 826 473 879 est
492 816 580 898 ista,
606 824 670 880 etc.
689 809 769 879 ibid
801 834 840 906 7,
863 834 938 906 77,
960 813 1086 880 Rerum
1106 815 1277 897 nmmum,
1294 823 1358 878 etc.

282 918 365 987 Caes.
386 920 423 986 Β.
444 920 482 987 C.
502 944 544 1005 2,
566 917 606 1000 8,
625 921 723 986 Inter
739 916 845 1004 datos,
872 931 937 986 etc
961 916 1038 987 ibid.
1066 914 1107 1004 3,
1136 941 1200 1005 ιο,
1235 920 1364 986 Terror

281 1024 489 1119 bominibus,
506 1038 568 1093 etc.
578 1024 661 1093 Caes.
671 1027 708 1092 Β.
716 1022 767 1094 ΑΙ.
780 1023 845 1093 18
834 1026 1105 1111 ,Fortnnmetc
1121 1023 1233 1093 ibid...
1237 1023 1365 1110 3Gallt'

281 1130 445 1217 homines,
463 1132 545 1201 Caes.
562 1134 599 1199 Β
610 1130 662 1199 Af
680 1128 738 1225 73
756 1159 774 1195 »
797 1123 911 1221 (vide
932 1154 1052 1224 supra,
1070 1154 1147 1226 pag.
1161 1122 1266 1221 x).

335 1240 387 1307 Ex
406 1238 483 1325 his,
506 1240 535 1306 J.
556 1234 644 1307 Celsi
670 1238 928 1330 commentarios
950 1236 1015 1306 illis
1041 1234 1360 1333 temporibuscelc·

137 1355 143 1365 “
262 1344 396 1413 'bratos
421 1358 528 1441 patet,
557 1346 667 1438 ipsum
692 1345 831 1414 Caesaris
852 1368 939 1439 opus
960 1345 1080 1433 fuisse,
1103 1337 1201 1437 quale
1229 1343 1273 1412 ad
1298 1368 1362 1413 nos

282 1452 450 1546 pervenit,
469 1476 546 1521 cum
565 1452 664 1520 Hirtii
681 1448 874 1539 Pansae,vel
895 1452 1041 1545 cujusvis
1056 1449 1158 1538 alius,
1176 1450 1316 1520 fortasse
1329 1452 1359 1518 J.

284 1556 372 1627 Celsi
391 1556 622 1653 supplemento
632 1612 644 1646 ,
671 1559 729 1653 qui
755 1572 835 1627 tunc
857 1559 959 1628 totius
978 1560 1089 1653 opcn's
1109 1572 1227 1628 auctor
1246 1556 1361 1627 crede·

282 1664 390 1733 batur.
853 1749 855 1753 ,

281 1809 283 1813 ⁴
335 1775 381 1843 Et
401 1772 472 1866 ipse
491 1774 616 1843 Noster
642 1774 839 1867 Anonymus
860 1769 958 1843 simili
983 1772 1047 1843 fuit
1069 1796 1198 1844 errore.
1212 1770 1362 1843 imbutus

283 1880 341 1973 qui
351 1878 587 1973 depromptum
597 1880 777 1951 chaesare
789 1878 902 1950 locum
913 1882 933 1948 J
935 1918 942 1949 .
957 1879 1056 1951 Celso
1067 1880 1228 1949 attribuit.
1245 1880 1363 1967 Quum

284 1987 373 2053 enim
394 2002 702 2075 commemorasset,
724 2013 757 2082 p.
769 2010 832 2083 92,
849 1987 1008 2057 Ariovisti
1024 1974 1219 2072 victoriam3
1240 1987 1362 2055 Sueto·

285 2096 384 2180 ntus,
406 2094 532 2188 inquit,
565 2089 802 2189 J'ranqnillru,
823 2108 948 2162 auctor
966 2098 1191 2178 remittimus,
1218 2094 1363 2161 Germa·

286 2222 406 2269 norum
432 2201 499 2270 boc
515 2200 692 2291 infinibus
711 2200 881 2270 condisse
897 2205 952 2268 ait
964 2226 975 2268 .·
988 2200 1099 2269 tutus
1112 2214 1228 2268 niuem
1245 2199 1366 2269 &aas

286 2330 420 2393 comes,
445 2313 558 2403 etqui
567 2308 668 2377 rebus
681 2308 854 2399 interfiat,
875 2306 1077 2377 Eburonwn
1093 2304 1363 2397 infinibusfac-

287 2428 360 2483 tum
374 2414 491 2505 reffert.
516 2414 697 2483 Enimvero
717 2416 841 2502 Caesar,
861 2412 881 2481 l.
898 2415 943 2501 V,
962 2438 1037 2483 eam
1060 2410 1189 2482 cladem
1215 2413 1251 2480 in
1270 2412 1364 2481 Ebu·

288 2521 425 2590 sonibus
439 2537 611 2616 acceptam
628 2522 727 2590 finisse
742 2505 876 2609 narrat,
890 2521 980 2611 inde,
993 2519 1049 2590 illa
1065 2544 1139 2616 pag.
1154 2516 1245 2608 155,
1262 2520 1364 2589 inter-

290 2624 402 2722 polata
421 2626 464 2695 ab
485 2627 595 2723 aliquo
622 2628 754 2724 legente
773 2628 965 2715 adnotatio,
991 2650 1093 2723 quam
1111 2628 1247 2695 minime
1268 2623 1365 2695 intel-

290 2733 564 2804 lexitGraevius:
590 2739 661 2806 Hic
679 2728 778 2831 (post
794 2736 913 2831 viginti
936 2734 1067 2804 dierum
1089 2733 1365 2829 supplicationem

290 2845 408 2912 Romae
427 2833 619 2931 decretam)
641 2847 761 2938 incipit
778 2859 921 2914 octavus
940 2845 1262 2912 commentariorum
1281 2839 1368 2910 liber

290 2973 390 3044 quem
390 2949 527 3040 secitJ.
539 2951 656 3018 (klsus
663 2941 739 3037 (nos
746 2949 849 3043 vulgo
859 2950 1004 3018 Hirtium
1012 2951 1154 3018 Pansam
1168 2939 1366 3036 credimus):

289 3071 419 3151 septem
433 3073 548 3125 nutem
555 3061 691 3151 primos
706 3072 743 3125 et
755 3081 862 3151 usque
872 3057 926 3126 ad
935 3057 1026 3124 hunc
1031 3079 1179 3151 passum
1183 3054 1284 3145 fecit
1292 3059 1369 3148 urse

296 3166 433 3247 Cesar,
448 3168 603 3257 quamvis
616 3163 672 3232 liic
689 3179 814 3233 auctor
829 3154 1066 3257 (Anonymus)
1082 3163 1220 3256 olr'quot
1233 3165 1270 3228 in
1283 3159 1369 3230 lincis

293 3262 494 3364 (praesertim
513 3269 588 3340 loco
609 3293 628 3338 a
647 3270 743 3341 nobis
763 3293 863 3365 supra
883 3263 1003 3360 citato)
1017 3268 1226 3343 contradicit
1239 3259 1367 3357 (totum

293 3401 378 3471 opus
402 3379 431 3444 J.
452 3367 551 3446 Celso
572 3369 798 3472 assignando)
820 3392 856 3445 et
873 3378 987 3464 male,
1014 3379 1176 3447 Cicerone
1197 3390 1306 3459 teste,
1333 3387 1370 3443 et

295 3489 371 3580 ipso
381 3485 479 3555 Ceno
492 3476 620 3569 (Hirtio
625 3477 753 3574 Pansa)
771 3489 807 3552 in
819 3485 970 3579 prodigo
981 3509 1044 3552 sim
1056 3474 1152 3571 (libri
1165 3472 1366 3568 octaviletc.

295 3594 378 3660 Tam
403 3614 522 3684 parum
547 3593 648 3686 igitur
672 3592 845 3685 imperitiae
867 3590 1077 3659 damnandus
1099 3589 1162 3657 finit
1186 3587 1206 3654 ἐι
1232 3586 1368 3656 Graevio

295 3699 350 3767 hic
369 3697 566 3786 adnotator,
584 3701 625 3766 'ut
639 3713 758 3767 contra
771 3697 950 3766 clarissime
966 3698 1001 3766 in
1015 3697 1080 3764 hac
1097 3719 1134 3763 re
1149 3692 1288 3779 viderit,
1304 3690 1368 3760 nisi

295 3804 386 3899 quod
409 3819 565 3874 octavum
588 3803 709 3872 librum
730 3803 820 3873 Julio
842 3803 940 3874 Celso
961 3803 1129 3898 adsignat,
1154 3825 1224 3870 non
1246 3822 1368 3893 repug·

296 3911 453 3980 nantibus
470 3936 548 3981 sane
570 3911 725 3980 omnibus
746 3911 990 4006 manuscriptis.

352 4017 453 4106 Quod
475 4019 500 4086 si
522 4017 622 4113 paulo
640 4018 1037 4114 antiquiorcsscriptores
1062 4039 1167 4109 quum
1186 4017 1216 4084 J.
1229 4009 1370 4085 Celsum

297 4122 486 4212 laudarent,
505 4128 523 4193 J
527 4177 533 4192 .
553 4125 718 4195 Caesarem
738 4122 993 4213 intellexerunt,
1014 4137 1053 4193 ut
1070 4136 1180 4218 patet,
1201 4117 1371 4189 Vossianae
