3000 5025
306 487 398 579 [524
618 500 656 568 C.
685 500 704 567 J
712 499 832 568 ULII
860 498 1096 568 CAESARIS

306 633 375 703 ·τῆς
396 624 513 751 μάχης,
530 625 570 695 τὰ
590 631 620 695 ἐν
636 637 689 715 τῷ
709 633 851 722 εὐωνύμῳ
876 633 927 723 κόρ
929 656 982 697 ατι
1011 630 1232 759 πραττόμενα,
1254 631 1316 702 τοῖς
1339 633 1388 690 τοῦ
1473 644 1474 655 ’

319 723 513 823 έόδόμου
471 759 687 828 ταγματοςςρ
690 741 838 814 ατιώταις
859 735 1006 832 ηγγόλθη.
1022 735 1120 803 Οὗτοι
1141 725 1232 800 δὲ’
1193 757 1268 801 τοτι
1287 733 1320 798 ἔκ
1336 741 1386 797 ποῖ
1474 766 1475 829 ρ

321 837 442 905 ὄπισθεν
462 848 527 918 τοῖς
550 843 742 934 πολεμίοις
729 846 879 936 επόεσαν,
898 844 950 910 καὶ
973 844 1106 919 πολλοὺς
1131 845 1233 908 ἀὐτῶν
1260 839 1389 932 ἀνηρουν.

303 925 466 1072 .ὅμωςδ’
480 938 609 1014 οὐδὲ
571 973 645 1015 τοτε
669 950 697 1016 οἱ
718 950 904 1042 πολέμιοι
880 975 920 1026 εις
938 952 1088 1042 φυγην”
1067 977 1091 1014 ω
1094 971 1233 1040 ρ,μησαν
1249 945 1355 1011 ἀλλ”
1335 971 1390 1034 αμα

321 1050 434 1128 πάντες
453 1053 672 1137 κυκλωθέντες,
688 1054 772 1123 κατὰ
784 1059 886 1147 χώραν
900 1059 931 1122 ἐν
946 1050 1033 1133 τάξει
1050 1058 1208 1146 μένοντες,
1223 1050 1389 1122 κατεκόπη·

321 1181 388 1222 σαν
414 1161 442 1224 ἐν
463 1157 505 1236 οἷς
524 1162 611 1228 ἔπεσε
629 1161 681 1228 καὶ
699 1168 716 1229 ό
736 1165 976 1256 Καμουλογῖνος.
993 1162 1034 1227 Οἱ
1057 1152 1093 1227 δὲ
1115 1151 1154 1224 δη
1174 1157 1258 1226 κατὰ
1282 1157 1319 1223 τὸ
1337 1164 1388 1221 τῖον
1475 1196 1476 1255 ,

321 1247 470 1356 Ρωμαίων
501 1259 695 1360 ςρατόπεδον
727 1268 917 1358 λειφθέντες,
941 1260 1047 1342 ἐπειδὴ
1068 1266 1187 1357 τοίχιςα
1213 1267 1271 1337 τὴν
1300 1262 1389 1354 μάχην

1475 1248 1477 1351 ί

322 1371 508 1462 συνῆφθαι”
489 1397 638 1457 ηκουσαν,
659 1383 723 1451 τοῖς
748 1384 831 1464 σφῶν
851 1369 1020 1449 ἐόοόθησαν
1032 1374 1149 1463 ,λόφον
1168 1373 1205 1438 τέ
1219 1395 1292 1438 τινα
1309 1369 1390 1435 κατέ-
1476 1412 1477 1477 ρ

320 1471 429 1544 λαόον·
454 1478 523 1546 ἀλλ’
555 1472 622 1548 οὐδ’
648 1484 729 1572 όμως
756 1489 821 1559 τοῖς
851 1467 1005 1572 Ῥωμαίοις
1031 1481 1167 1571 ἀντέχειν
1196 1468 1390 1552 ἧδυνθθησαθ·
1476 1492 1477 1569 Ῐ

323 1587 385 1660 ὥςε
412 1591 476 1661 τοῖς
506 1596 589 1676 σφῶν
618 1590 764 1679 φεύγουσι
788 1586 960 1679 μιχθέντες,
975 1586 1112 1666 πάντες,
1131 1587 1212 1658 πλὴν
1231 1589 1295 1649 τῶν
1313 1583 1342 1648 ἔν
1362 1605 1392 1646 τε
1477 1586 1478 1589 ’

324 1697 388 1767 τοῖς
407 1691 488 1782 ὄρεσι
513 1691 564 1758 καὶ
592 1701 656 1771 τοῖς
678 1694 787 1760 νοίπεσι
806 1720 842 1785 κρ
843 1688 1027 1776 υόέντων,ι
1016 1695 1076 1760 υπὸ
1093 1699 1156 1757 τῶν
1171 1699 1228 1756 τοῦ
1245 1682 1394 1761 Λαόιηνοῖ

323 1795 440 1864 ἱππέων
460 1789 674 1892 διεφθάρησαν.
685 1803 787 1867 Τοῦτο
803 1790 839 1866 δὲ
858 1798 1164 1895 ιιατεργασοίμενοςό
1173 1791 1380 1877 Λαόιηνὸς,’
1359 1819 1394 1870 εις

324 1904 381 1974 τὴν
399 1891 615 1996 Ᾰγένδικονβ
596 1931 673 1973 οπου
692 1905 798 1972 ποίντα
817 1904 859 1973 τὰ
873 1914 929 1972 τοῦ
951 1915 1069 2036 ςρατοῢ
1087 1903 1260 2033 σκευοφόρα
1273 1907 1394 1968 κατελε-

321 2007 443 2092 λοίπει,
456 2011 630 2084 ἐπανῆλθεν
651 2013 793 2080 ἐντεῦθέν
804 2038 840 2079 τι
858 2014 934 2104 πρὸς
952 2014 1007 2079 τὸν
1023 2009 1184 2102 Καίσαρα,
1197 2011 1252 2074 σὺν
1266 2012 1366 2102 τοῖο-ρ,
1377 2004 1396 2098 ἦ

323 2109 403 2206 εἶχε,
420 2061 548 2208 δυνάμει
563 2121 759 2211 παρεγένετο.

377 2223 503 2289 LXIII.
526 2226 595 2288 Τῶν
611 2217 641 2289 δ’
661 2211 823 2308 Εδουέιον,
841 2231 882 2304 ὡς
900 2226 952 2292 καὶ
976 2216 1071 2299 ἤδη’
1059 2251 1072 2292 ε
1075 2226 1181 2319 ρρέθη,
1196 2195 1397 2302 οἶτοςοίντιον,

324 2354 341 2392 ο
331 2327 489 2419 πολεμος
503 2323 596 2407 ηὐξηθ
560 2357 628 2404 η·η
645 2335 733 2398 αὐτοι
722 2324 789 2398 δὲ
808 2332 958 2399 πάντοθεν
974 2324 1063 2424 διεπρ
1065 2325 1248 2413 εσόεόοντο,
1261 2330 1314 2396 καὶ
1330 2331 1396 2394 ὅσον

325 2432 378 2524 μὲν
403 2434 488 2524 φιλίᾳ
507 2461 558 2519 τε,
574 2437 625 2504 καὶ
644 2428 794 2530 δῦνοίμει,
813 2439 864 2506 καὶ
883 2437 1015 2533 ἀργυρίῳ
1033 2432 1203 2520 ἠδύναντο,
1222 2434 1281 2514 τὰς
1299 2435 1398 2511 πόλεις

324 2548 574 2633 προσεποιοῦντο·
596 2546 667 2622 τοὺς
692 2537 727 2611 δὲ
749 2553 856 2612 πασῶν
881 2539 992 2637 σχεδὸν
1012 2555 1074 2612 τῶν
1093 2556 1149 2622 τῆς
1169 2543 1326 2620 Γαλατίας
1343 2542 1398 2607 πό-

321 2650 399 2712 λεων
426 2652 574 2743 ὁμόρους,
590 2649 640 2728 οὓς
665 2651 794 2744 πρόσθεν
824 2656 929 2730 αὐτοῖς
947 2659 964 2719 ὁ
983 2654 1104 2743 Καῖσαρ
1134 2645 1398 2743 παρακατεθείκει,

242 2830 243 2835 ¹
325 2752 462 2844 ἔχοντες,
480 2766 519 2849 τῇ
535 2759 653 2824 τούτων
674 2757 806 2851 τιμωρίᾳ
824 2762 896 2835 τοὺς
914 2765 1137 2854 ὁμογνωμονεῖν
1160 2755 1245 2847 σφίσι
1264 2758 1308 2847 μὴ
1333 2749 1399 2821 6ου-

322 2861 469 2948 λομίνους
484 2857 622 2954 ε’φόόουν·
636 2865 756 2957 ᾔτησαν
782 2856 818 2931 δὲ
840 2874 897 2929 τοῦ
920 2865 1209 2959 Βερκιγγετόρυγος,
1226 2862 1307 2954 πρὸς
1330 2866 1400 2952 σφᾶς

327 2967 437 3033 ἐκεῖνον
447 2967 552 3051 ἐλθεῖν,
562 2970 611 3035 ἵνα
625 2996 656 3037 τι
671 2970 756 3061 σφίσι
771 2970 839 3064 περὶ
853 2980 909 3037 τοῦ
923 2973 1060 3064 πολέμου
1074 2970 1330 3037 ἀνακοινώσαιτο·
1341 2968 1401 3034 τοό·

250 3149 251 3152 ρ
326 3097 381 3139 του
413 3064 448 3139 δὲ
473 3078 546 3167 παρ’
571 3075 699 3151 ἐκείνου
718 3078 887 3169 τυχόντες,
910 3077 1039 3207 ἰσχυρῶς
1066 3068 1235 3157 διέτειναν,
1262 3084 1322 3141 τοῦ
1350 3076 1399 3146 τὴν

326 3180 443 3257 παντὸς
475 3191 531 3249 του
557 3185 692 3275 πολέμου
719 3183 907 3277 προςατείαν
936 3183 1022 3275 σφίσι
1048 3174 1278 3271 παραδοθῆναι·
1303 3184 1354 3249 ε’πι
1343 3171 1401 3245 δὲ

326 3287 430 3370 τούτῳ
449 3278 595 3380 διαφόρου
620 3292 781 3383 γενομένου
800 3294 924 3370 αυτοῖς,
943 3290 1046 3369 πόσης
1071 3300 1127 3366 τῆς
1157 3286 1317 3365 Γαλατίας
1339 3290 1400 3352 ων·

236 3429 239 3436 ⁷
327 3382 440 3470 οδος’
427 3418 456 3458 εν
484 3404 523 3487 τῇ
552 3390 649 3488 Btssp'
629 3422 716 3481 ακτῳ
743 3398 832 3464 πολει
857 3397 1020 3489 προερρθη
984 3382 1179 3463 θΕνταῖθ
1164 3394 1202 3461 θα
1231 3385 1269 3461 δὲ
1299 3392 1401 3461 πολλοι
1480 3387 1481 3394 ¹

328 3498 491 3582 συνῆλθον,
511 3525 562 3567 και
585 3509 653 3579 ταῖς
678 3505 813 3596 γνώμαις
835 3513 891 3570 τοῦ
920 3503 1107 3633 πράγματος
1134 3500 1400 3596 συγχωρηθέντος,

327 3605 504 3696 σύμπαντες
523 3606 589 3699 οίρια
612 3611 666 3676 τὸν
685 3610 947 3741 Βερκιγγιτόρυγα
971 3606 1186 3737 αὐτοκράτορα
1210 3605 1399 3673 ἀνεκοίλεσαν

328 3712 360 3777 ἐν
375 3713 474 3805 ταότιρ
491 3704 525 3779 δὲ
548 3724 588 3807 τῇ
607 3706 784 3801 συνόδῳ’
743 3741 830 3808 μονοι
854 3716 884 3783 οῖ
907 3741 943 3782 τε
967 3636 1087 3808 Ρῆμοι,
1108 3713 1161 3781 καὶ
1187 3714 1216 3780 οἱ
1242 3714 1399 3807 Λιγρόνες,

331 3816 383 3883 καὶ
415 3819 443 3885 οἱ
477 3790 668 3914 Τρευῖροι’
651 3831 784 3895 απῆσαν·
818 3822 847 3888 οἱ
878 3823 932 3915 μὲν
969 3806 1070 3914 δῆμοι
1106 3846 1158 3887 και
1194 3820 1223 3886 οἱ
1261 3818 1399 3951 Λιγγόνις
1480 3879 1481 3898 ,

330 3922 411 4012 φίλοι
430 3933 495 4005 τοῖς
515 3910 705 4019 Ρωμαίοις”
687 3953 782 4006 οντες·
807 3954 835 3995 οι
826 3887 889 3995 δί
907 3932 953 4020 Τρ
955 3935 1003 3995 ευῖ
1001 3953 1066 4022 ροι,
1079 3934 1169 4019 πρῶτ
1156 3951 1202 3993 ,ον
1225 3926 1281 4018 μὲν
1303 3928 1398 4015 πόρρω

235 4048 238 4054 ’
329 4028 497 4113 οἰκοῦντες,
524 4036 631 4102 ἔπειτα
657 4024 692 4101 δὲ
721 4060 772 4101 και
802 4042 868 4113 τοῖς
893 4036 1057 4127 Γερμανοῖς
1083 4030 1330 4126 πολεμοῦντες·
1315 4059 1332 4098 ο
1354 4054 1398 4095 m

328 4134 427 4205 αἴτιον
445 4134 602 4229 νομίζεται
620 4140 775 4235 γενέσθαι,
789 4150 847 4209 τοῦ
871 4140 1000 4219 ἐκείνους
1024 4131 1204 4233 μηδετέροις
1228 4133 1397 4230 συμμαχίαι
