3000 5025
304 492 383 584 390
598 485 636 558 C.
665 490 813 558 JULII
841 489 1085 560 CAESARIS

304 622 423 718 μεγέθει
441 631 498 700 τῆς
520 621 669 716 τιμωρίας
687 624 759 701 τοὺς
784 619 894 704 ἄλλους
912 619 1184 708 καταπλύξοντιις,
1206 622 1260 691 καὶ
1276 645 1372 713 παρα-
1471 608 1472 673 3

305 721 495 824 δείγματι’
463 737 566 808 αυτοῖς
580 729 771 822 ἐσομένους’
753 732 926 825 απέπεμπε.

360 839 403 905 V
417 838 483 900 Γ
448 861 554 914 αυταις
570 828 605 903 δέ
624 845 692 915 ταῖς
707 833 851 915 έασᾶνοις
870 839 963 1011 ταχὺθ
969 841 1130 930 ςριίτευμα
1146 841 1228 905 πολὺ
1248 830 1377 964 συναχεί-

308 971 376 1037 ρας,
391 944 632 1034 Λουκτύριον
599 969 652 1035 μιν
668 945 721 1012 τὸν
734 937 864 1040 Καδοῢρ
865 971 933 1028 κον
948 945 1139 1038 θρασύτατον
1156 934 1374 1035 ἄνδρα,ος
1292 942 1374 1033 μέρος

283 1083 285 1096 <
305 1056 366 1118 τοῦ
382 1059 510 1143 ςρατοῢ
529 1049 631 1139 ἐκείνῳ
658 973 872 1146 ἐγχειρίσας,Ρ’
859 1079 908 1119 επι
897 1051 983 1127 τὴν
1002 1061 1064 1120 τῶν
1085 1037 1251 1124 Ρουτηνῶν
1278 1051 1374 1141 χώραν

306 1155 479 1248 ἐπέμψατο·
502 1159 595 1236 αὐτὸς
616 1116 654 1224 δὲ
673 1155 754 1250 μετὰ
780 1185 836 1226 του
821 1165 964 1228 λοιποῦ
982 1158 1133 1252 μέρους’
1107 1185 1149 1236 εις
1172 1160 1231 1230 τὴν
1251 1164 1313 1223 τῶν
1326 1157 1374 1218 Βι-
1472 1166 1473 1173 ’

234 1252 237 1264 ’
288 1264 455 1358 Υτοιιρίγευν
485 1265 587 1438 χώραν
620 1259 770 1331 ἐνέύαλεν·
799 1292 828 1333 οι
818 1258 885 1332 33
913 1256 952 1341 δὴ
981 1268 1154 1360 Βιτούριγες
1181 1265 1242 1337 τὴν
1271 1259 1375 1328 ἐκείνου

306 1361 416 1462 ἔφοδον
445 1369 630 1461 μαθόντες,
633 1373 707 1462 πρὸς
736 1397 808 1449 τους
839 1359 1027 1455 Εδουεῒς,
1007 1399 1048 1438 οιν
1079 1369 1156 1444 ἦσαν
1181 1373 1220 1436 ἐκ
1248 1375 1376 1437 παλαιοῦ

306 1480 451 1562 ὺπιίιιοοι,
468 1472 608 1566 πρέσόεις
635 1476 835 1569 ἐπέμψαντο,
854 1470 992 1572 δεόμενοι
1017 1477 1218 1572 συμμαχίας,
1243 1478 1295 1541 ἵνα
1318 1481 1376 1549 τοῖς
1426 1551 1432 1566 ,
1473 1518 1474 1547 1

305 1583 462 1675 πολεμίοις
477 1573 620 1651 δύναιντο
641 1587 712 1675 ῥᾷον
727 1586 875 1677 ἀντέχειν·
889 1586 918 1652 οἱ
937 1586 990 1677 μὲν
1010 1582 1061 1652 οὖν
1076 1572 1224 1664 Εδουεῖς,
1240 1589 1303 1648 τῶν
1321 1579 1375 1646 ὑπὸ
1473 1606 1474 1609 ’

305 1699 363 1756 τοῦ
392 1689 549 1782 Καίσαρος
577 1691 708 1758 ἐνταῦθα
740 1694 816 1784 πρὸς
845 1696 901 1767 τὴν
934 1689 1066 1785 ςρατιθιν
1092 1689 1375 1780 καταλελειμμένον

305 1801 532 1927 ὑποςρατηγῶν
552 1801 655 1875 αὐτοῖς
674 1717 982 1890 συμύορυλευσοίντων,
1005 1791 1128 1878 πεζικήν
1151 1796 1214 1863 θ’
1204 1793 1376 1869 ιππιιιύντ’

305 1901 355 1968 ἐπὶ
374 1905 507 1977 τὴντῶν
525 1903 710 1998 Βιτουρίγων
725 1903 903 1997 ἐπέμψαντο
918 1901 993 1980 3033
994 1931 1068 1972 ειαν·
1083 1903 1168 1972 οὗτοι
1183 1893 1223 1968 δὲ
1242 1928 1267 1968 π
1270 1903 1318 1994 ρθς
1335 1906 1377 1985 τῷ

305 2007 417 2102 Λίγηρι
434 2023 583 2102 ποταμῷ,
605 2022 650 2099 τῷ
669 2013 740 2088 τοὺς
758 2013 974 2107 Βιτούριγας’
956 2013 1018 2079 απὸ
1037 2019 1099 2078 τῶν
1118 1929 1284 2075 θῖδουέωνρ
1286 1999 1377 2099 διορί-

305 2108 388 2194 ζοντι
407 2116 601 2207 ἀφικόμενοι
616 2117 753 2211 ὀλίγας’
740 2126 804 2185 εκεῖ
817 2119 892 2212 ἡμέρ
895 2145 931 2195 ας
863 2110 1024 2185 έδιατ
1027 2115 1136 2212 ρίψαν,
1138 2143 1183 2200 ες,
1205 2116 1262 2182 τὸν
1280 2139 1377 2180 ποτα·

306 2225 363 2313 μὸν
383 2213 548 2290 διαέαίνειν
571 2227 606 2290 οὐ
634 2228 863 2317 τολμήσαντες,
884 2224 925 2303 εἰς
949 2227 1006 2298 τὴν
1031 2217 1171 2318 πατρίδα
1199 2221 1376 2295 ἐπανῆλθον·

307 2327 441 2405 καὶτοῖς
460 2340 516 2396 τοῦ
534 2331 689 2423 Καίσαρος
709 2332 927 2426 ἀπήγγειλαν
917 2338 1162 2425 υποςρατηγοῒς,
1176 2331 1238 2403 τὴν
1257 2337 1319 2395 τῶν
1336 2329 1378 2391 Bt·

305 2433 454 2563 τφυρίγων
474 2434 600 2514 ἀπιςίαν
620 2429 784 2517 δείσαντας
803 2442 881 2531 σφοῖς
901 2440 1215 2571 ἐπανακεχωρηιιέναι·
1239 2435 1311 2513 τοὺς
1330 2434 1376 2527 μὲν

305 2539 393 2635 γὰρ
382 2545 492 2637 Βιτούρ
478 2570 561 2639 ιγας
579 2538 820 2630 θουλεύσασθαι,
835 2555 876 2639 τῇ
892 2546 997 2638 μὲν’
964 2548 1093 2631 αυτοθς,
1107 2555 1148 2639 τῇ
1168 2536 1206 2609 33
1229 2544 1300 2620 τοὺς
1317 2528 1376 2634 Ᾰρ-

308 2643 429 2741 έέρνους
443 2650 543 2741 σφίσιν
558 2652 587 2715 ἐν
602 2678 641 2746 τιρ
627 2643 800 2718 ”διαθασει
811 2661 868 2718 τοῦ
881 2678 1025 2743 ποταμου
1010 2650 1240 2719 ἐπιτίθεσθαι·
1253 2649 1375 2740 πότερον

308 2746 344 2823 δὲ
364 2765 420 2833 τῆς
442 2756 542 2835 αἰτίας
563 2759 696 2842 ταύτης,
719 2758 755 2831 ἢν
785 2765 849 2836 τοῖς
872 2763 1101 2852 ὑποςρατηγοῖς
1125 2750 1375 2851 ἀπύγγιιλαν,θ

308 2858 404 2938 ἄλλ-ης
426 2887 508 2941 τινος
533 2866 619 2930 ἕνεκα
641 2874 744 2931 ταῦτα
767 2858 918 2958 ἔπραξαν,
941 2866 1109 2957 τοῦτομὲν
1134 2866 1264 2954 ἀσαφές.
1289 2851 1376 2927 0333

308 2958 348 3041 δὴ
374 2971 547 3065 Βιτούριγες
565 2970 649 3049 εὐθὺς
668 2968 749 3063 μετὰ
767 2973 825 3045 τὴν
845 2971 963 3039 ἐκείνων
983 2962 1118 3065 ἄφοδον,
1133 2978 1199 3047 τοῖς
1219 2959 1269 3062 Ap
1271 2964 1307 3034 33
1307 2980 1377 3060 ρνοις

306 3074 484 3165 συμμαχίαν
503 3079 697 3150 ἐποιήσαντο.

362 3182 422 3248 VI
442 3175 623 3249 Τούτωνδὲ
610 3184 722 3315 θταχὺ
742 3195 788 3272 τῷ
807 3185 927 3278 Καίσαρ
930 3212 940 3251 ι
961 3188 991 3252 ἐν
1011 3212 1051 3279 τη
1035 3168 1164 3278 Ῥώμη
1183 3175 1376 3277 διαγγελθέν-

308 3312 370 3352 των
380 3287 518 3371 ,ἐκεῖνος
536 3290 576 3367 εἰς
595 3292 710 3363 τὴν’
670 3316 725 3383 περ
728 3315 763 3355 αν
784 3300 846 3356 τῶν
861 3280 950 3358 Ᾰλπέ
935 3294 990 3358 έων
1006 3291 1180 3373 Γαλατίαν,
1198 3279 1358 3361 ἐπειδὴ
1325 3309 1375 3359 την

309 3394 338 3457 ἐν
358 3402 398 3487 τῇ
417 3377 509 3490 Ρέιμῃ
535 3397 624 3473 ςοίσιν
648 3402 664 3462 3
685 3400 792 3473 Γναῖος
811 3400 972 3489 Πομπήϊος
992 3407 1031 3491 τῇ
1050 3402 1162 3465 ἐαυτοῦ
1180 3388 1311 3523 δυνάμει
1327 3418 1377 3459 αα·

309 3458 448 3585 θεςοίκει,
457 3501 745 3596 εὐθὺςέπορεύσατο.
760 3489 882 3571 Ενταῢθ
885 3495 1376 3600 αδὲμεγοίλῃσυνείχετοοέπορία,

308 3613 374 3683 πῶς
397 3596 524 3675 δύναιτο
545 3610 688 3701 ἀσφαλῶς
712 3611 788 3701 πρὸς
806 3608 863 3679 τὴν
884 3610 1015 3704 ςρατιδιν
1034 3616 1131 3678 αὐτοῦ
1149 3607 1374 3703 παραγίνεσθαι·

310 3711 335 3779 εί
354 3713 407 3803 μὲν
426 3712 484 3809 γὰρ
513 3712 555 3781 τὰ
576 3716 725 3809 τάγματα
748 3716 789 3794 είς
812 3720 869 3791 τὴν
888 3715 1036 3811 ἐπαρχίαν
1054 3717 1129 3812 πρὸς
1152 3718 1263 3784 ἑαυτὸν
1286 3737 1376 3804 παρα·

310 3825 414 3903 καλοῖ,
430 3823 459 3886 ἐν
479 3829 519 3913 τῇ
533 3812 598 3907 ὁδῷ
612 3820 693 3889 αὐτὰ
711 3824 874 3914 μαχεῖσθαι
888 3827 977 3917 ἐώρα·
993 3823 1017 3889 εί
1031 3814 1067 3889 δὲ
1080 3824 1156 3915 πρὸς
1168 3824 1206 3890 τὸ
1220 3819 1375 3915 ςροίτευμσ
1476 3811 1477 3826 ’

312 3927 404 4003 αὐτὸς
423 3921 566 3995 έουλοιτο
586 3928 679 4013 ἰέναι,
699 3921 772 3995 οὐδὲ
790 3936 856 4009 τοῖς
874 3931 949 3997 τότε
966 3937 1085 4023 ἠρεμεῖν
1108 3921 1250 3997 δοκοῦσιν
1273 3924 1374 3993 ἐαυτὸν

310 4031 457 4123 ἀσφαλῶς
477 4036 640 4129 ἐγχειρίσαι
661 4036 791 4128 ἐτόλμα.

371 4141 450 4209 Vll.
471 4140 546 4235 Περὶ
560 4134 596 4210 δὲ
614 4144 686 4220 τοὺς
706 4142 832 4236 χρόνους
853 4144 981 4219 τούτους
1000 4150 1016 4211 3
1034 4144 1224 4237 Λουιιτνίριος
1242 4138 1292 4207 ἐπὶ
1308 4135 1373 4213 τοὺς
