3000 5025
297 487 363 557 DE
392 487 522 558 VITA
548 487 695 557 JULII
724 487 974 560 CAESARIS.
1134 490 1215 593 ,6ιὶ

31 624 32 693 ι
121 613 215 685 batur.
237 620 447 719 Exercitus
438 622 595 689 instantia
606 621 688 691 victi
707 620 826 709 duces,
848 621 954 693 fiirori
971 621 1106 718 publico
1119 649 1191 693 ma·

122 706 285 796 nusdant·
277 727 506 816 ,discurritur
526 725 699 816 bacillac,
712 741 745 796 et
752 730 946 816 ,consenbu
960 730 1102 818 ducum,
1121 756 1191 799 sar·

31 826 32 833 '
122 834 227 901 mentis
235 836 429 928 ,variaque
451 836 590 924 materia
612 860 653 902 ex
675 836 763 927 agris
783 833 923 917 collecta
944 836 986 905 ad
1006 836 1192 932 implendas

122 935 230 1028 lossas,
248 956 284 1009 et
307 944 342 1008 in
356 956 467 1009 castra
483 916 744 1035 penetrandum,
758 943 889 1029 onusti,
905 956 940 1011 et
952 967 1052 1013 cursu
1071 958 1105 1013 et
1122 969 1191 1013 sar·

122 1044 191 1113 cinis
208 1046 334 1117 defessi
349 1072 466 1116 omnes
485 1048 677 1135 redeuntes,
699 1071 801 1141 grave
822 1072 908 1143 opus
931 1074 1096 1145 supraque
1117 1076 1193 1120 suas

123 1151 216 1239 vires,
236 1178 380 1247 romana
402 1167 511 1223 castra
536 1154 579 1223 ad
599 1152 721 1223 laboris
744 1153 916 1224 cumulum
938 1157 974 1223 in
994 1155 1062 1225 alto
1085 1159 1193 1251 posita

122 1256 292 1349 invadunt;
311 1259 404 1328 baud
421 1261 529 1348 dubii,
551 1264 722 1349 Romanos
744 1275 865 1355 praeter
886 1261 1001 1355 fugam
1024 1277 1083 1331 aut
1102 1262 1193 1347 dedi·

124 1364 238 1435 tionem
257 1366 341 1435 nihil
360 1390 516 1435 ausuros:
532 1365 647 1436 fefellit
660 1381 794 1461 gentem
815 1365 984 1437 credulam
999 1392 1085 1439 vana
1105 1394 1197 1464 spes,

123 1494 189 1539 nam
214 1473 377 1562 Sabinus,
396 1475 463 1543 suis
485 1472 643 1543 militibus
663 1472 774 1541 valida
794 1474 1025 1544 exhortatione
1039 1476 1196 1563 firmatis,

124 1590 151 1645 et
177 1605 330 1674 pugnam
358 1580 574 1648 vehementer
603 1580 817 1675 optantibus,
839 1582 1035 1675 erumpendi
1065 1585 1196 1676 signum

124 1682 213 1755 dedit.
235 1688 307 1783 Qui
325 1702 429 1779 (prum
449 1687 558 1756 subito
574 1701 694 1781 praeter
713 1710 807 1781 spem
828 1686 974 1756 hostium
994 1690 1197 1783 erupissent,

124 1790 214 1885 idque
241 1792 374 1890 duabus
403 1792 498 1862 simul
526 1795 651 1887 portis,
669 1807 703 1861 et
726 1795 850 1862 virtute
874 1808 975 1887 atque
995 1796 1198 1889 experientia

35 1957 39 1966 .
124 1897 279 1999 bellandi,
298 1913 332 1968 et
351 1914 470 1968 natura
488 1898 571 1989 loci,
589 1915 623 1968 et
641 1898 832 1969 lassitudine
850 1900 997 1969 bostium
1011 1900 1158 1995 adjutis
1148 1926 1198 1969 m·

125 2008 203 2099 tegri
225 2008 291 2105 ipsi
318 2008 458 2095 virium,
475 2021 509 2075 et
529 2009 639 2101 quiete
662 2008 802 2077 recreati
824 2003 970 2075 fundunt
990 2005 1063 2076 illos
1083 2007 1199 2096 facile,

125 2116 427 2213 prosternuntque
441 2114 519 2232 Quo
541 2128 649 2202 metu,
668 2138 736 2183 uon
759 2112 861 2182 modo
883 2116 940 2206 qui
963 2112 1139 2183 evaserant
1161 2140 1202 2184 ex

126 2219 251 2319 prelio,
274 2220 332 2289 sed
353 2222 453 2289 vicini
474 2221 584 2289 ctiam
583 2245 623 2290 se
645 2222 805 2289 Romanis
823 2220 988 2290 dedidere.
1011 2223 1098 2290 Sunt
1110 2223 1201 2291 enim

129 2326 209 2395 Galli
231 2326 386 2424 ineundis
408 2325 501 2421 bellis
519 2329 742 2421 promptiores
757 2350 858 2421 quam
880 2326 1134 2398 adversitatibus
1150 2343 1202 2397 to·

128 2428 286 2502 lerandis:
279 2418 337 2501 ·et
354 2432 468 2503 forte
459 2448 504 2502 lta
522 2434 660 2522 accidit,
676 2448 714 2502 ut
730 2458 799 2501 una
818 2448 852 2501 et
870 2432 986 2501 eadem
1005 2433 1075 2523 die,
1093 2449 1127 2504 et
1142 2437 1201 2503 Sa·

129 2539 219 2611 binus
250 2543 412 2630 Caesaris,
434 2555 467 2609 et
494 2543 608 2610 Caesar
629 2541 742 2609 Sebini
769 2542 944 2610 victoriam
971 2535 1110 2610 audiret.
1140 2545 1204 2612 Per

130 2646 215 2715 hos
207 2674 334 2746 rpsos
322 2647 442 2740 dies,
434 2630 578 2716 Publius
594 2648 765 2718 Crassus
755 2670 791 2713 ιιι
812 2648 1025 2740 Aquitaniam
1044 2649 1163 2716 missus
1185 2675 1206 2718 a

132 2755 275 2843 Caesare,
289 2755 441 2852 quamvis
463 2753 674 2842 adolescens
697 2751 863 2834 senilibus
868 2754 1017 2821 animum
1031 2754 1206 2825 exercebat

133 2863 233 2950 euris,
255 2876 290 2930 et
312 2885 425 2930 secum
450 2862 601 2954 cogitans
623 2862 657 2928 in
679 2859 730 2927 bis
751 2861 848 2928 terris
869 2856 1071 2945 multaqillis
1094 2863 1206 2950 annis,

134 2963 267 3036 adversa
280 2969 443 3036 Romanis
459 2967 635 3056 accidisse,
656 2963 763 3034 multa
777 2965 841 3034 sibi
854 2965 1017 3034 utendum
1030 2965 1207 3061 prudentia

136 3075 312 3162 sentiebat;
333 3087 503 3168 assumpta
525 3063 631 3166 igitur¹
648 3075 793 3168 primurn
819 3071 1039 3158 sollicitudine
1062 3070 1109 3142 rei
1137 3074 1205 3144 fru-

136 3183 298 3249 mentariae
327 3194 428 3274 atque
456 3181 624 3298 equitatus
654 3179 885 3273 comparandi,
898 3179 990 3272 quod
1014 3201 1062 3248 eae
1092 3197 1207 3274 gentes

138 3285 310 3380 plurimum
338 3311 379 3356 eo
408 3311 529 3382 genere
556 3288 676 3356 virium
707 3285 833 3380 pollere
859 3286 1076 3373 dicebantur,
1095 3286 1208 3360 multis

139 3395 317 3487 equitibus,
339 3408 374 3464 et
392 3393 585 3462 fortioribus
607 3395 685 3460 viris
694 3394 901 3487 ,expressim
918 3389 1040 3460 Tolosa
1061 3416 1101 3462 ac
1121 3384 1207 3463 Nar·

140 3496 239 3589 bona,
257 3502 372 3570 enticis
393 3500 531 3569 urbibus
542 3501 756 3588 ,accersitis
778 3524 882 3593 quum
899 3499 970 3591 jam
989 3499 1111 3567 virium
1132 3503 1210 3572 satis
1286 3530 1288 3537 ’

141 3621 235 3696 esset,
257 3609 447 3676 Sontiatum
469 3606 551 3701 fines
567 3606 761 3700 ingreditur.
783 3604 837 3675 Illi
854 3620 966 3674 autem
979 3630 1048 3674 non
1062 3612 1211 3677 contenti

143 3709 263 3782 hostem
280 3728 490 3810 expectasse,
502 3714 671 3808 progressi
681 3713 832 3800 obviam,
847 3737 922 3781 cum
940 3711 1117 3805 Romanis,
1132 3714 1211 3786 hinc

144 3839 249 3890 eorum
261 3823 480 3918 paucitatem,
493 3819 572 3888 hinc
586 3819 679 3888 ducis
691 3834 822 3890 aetatem
836 3821 1145 3908 contemnentes,in
1158 3823 1211 3890 iti·

145 3946 214 3995 nere
228 3944 306 3998 sunt
321 3929 499 4027 congressi
514 3929 580 4022 Spe
598 3941 709 3997 autem
725 3929 760 4002 in
774 3920 978 3994 contrarium
993 3948 1106 4015 versa,
1120 3930 1211 4023 equi·

146 4043 222 4104 tattrs
233 4061 368 4124 eorum
381 4059 435 4103 cur
445 4057 543 4102 unice
556 4032 718 4122 fidebant,
730 4055 871 4101 romano
882 4029 1034 4100 funditur
1051 4036 1211 4128 equitatu3

145 4145 291 4270 cesisque
314 4089 567 4240 quamplurimis
589 4140 706 4260 eodem
719 4141 882 4264 impetu,
904 4140 1045 4211 Crassus
1066 4142 1213 4211 bostium
