3000 5025
329 480 399 548 DE
427 478 557 549 VITA
582 482 731 553 JULII
760 484 1006 560 CAESARIS.
1153 494 1198 569 81

137 610 230 679 sabat
253 612 381 681 Contra
403 611 458 681 ille
476 626 514 680 ut
532 612 757 685 dimitteretur
776 617 938 709 instabat,
949 636 1050 716 atque
1061 622 1205 701 ohnixus

137 717 256 805 orabat,
269 716 407 789 frivolas
418 719 629 814 pretendens
641 723 799 815 precibus
810 726 973 796 rationes:
982 728 1061 799 hinc
1075 746 1203 805 metum

137 825 278 897 maritimi
292 824 435 913 fastidii,
457 826 548 920 quod
561 841 631 897 tam
645 850 751 923 paruo
765 832 866 900 maris
880 836 989 925 spatio
1001 837 1119 931 utique
1130 864 1202 909 ma·

133 954 225 1023 guum
238 956 387 1001 essenon
396 946 546 1027 poterat,
555 933 635 1003 hinc
648 933 845 1029 religionem
855 941 969 1008 nescio
979 964 1082 1035 quam
1090 968 1203 1036 suam,

31 1086 32 1139 3
133 1060 189 1129 qua
207 1062 242 1107 se
262 1040 423 1133 navigare
435 1038 644 1134 prohibitum
657 1042 834 1111 asserebat
857 1044 970 1115 Caesar
982 1049 1041 1141 qui
1054 1074 1125 1119 non
1138 1055 1202 1123 mi·

31 1168 32 1243 j
101 1196 107 1209 .
131 1145 345 1215 omonimum
360 1168 461 1239 quam
474 1144 606 1217 vultum
620 1145 787 1240 loquentis
799 1151 981 1244 aspiceret,
1002 1157 1200 1246 petitionem
1295 1246 1300 1259 ·

31 1254 33 1299 l
130 1250 273 1341 injustam
303 1253 571 1323 constantissime
600 1251 731 1347 repulit
745 1291 747 1297 ·
761 1252 823 1324 Ille
852 1255 1200 1351 indignansoircuire

31 1418 32 1427 ,
129 1358 303 1452 principes,
325 1382 365 1425 ae
386 1372 586 1445 terrere,·et
606 1382 648 1429 ne
665 1384 731 1452 qua
752 1362 884 1430 ratione
900 1365 1066 1435 Caesarem
1087 1393 1200 1463 seque

31 1552 33 1561 J
128 1476 231 1531 rentur
253 1464 550 1535 hortarizeallido
575 1468 664 1533 emin
685 1468 829 1535 consilto
851 1468 991 1563 Magi,
1016 1487 1057 1541 ut
1077 1476 1200 1548 Gallia

31 1614 32 1633 ι
124 1569 404 1667 suispriuciprhus
413 1572 568 1667 spoliata
568 1572 722 1663 facibus
725 1572 853 1667 Jugwn
860 1600 1018 1646 romanae
1029 1586 1199 1653 servatum

31 1670 33 1755 l
123 1681 305 1772 evomeret,
322 1662 446 1747 meere
458 1678 537 1749 illos
549 1701 663 1747 secum
676 1680 783 1767 velle,
798 1703 869 1749 non
881 1683 979 1774 quod
989 1684 1058 1753 atla
1070 1706 1193 1779 egeat,

122 1784 179 1853 sed
187 1798 243 1871 ut,
259 1784 359 1879 quod
367 1784 628 1855 modenam
641 1784 801 1871 maderet,
815 1790 1196 1865 tratumarededaoetcs

31 1928 32 1943 κ
123 1890 309 1979 usterficiat.
329 1890 515 1963 Movebant
526 1891 579 1961 hae
596 1915 696 1961 voces
711 1891 922 1963 infirmorum
935 1897 1081 1986 animm,
1096 1900 1143 1969 ita
1158 1917 1198 1973 ut

88 2048 94 2059 ,
123 1994 241 2091 aliquos
255 1997 449 2091 juramento
463 1999 679 2092 astringeret,
691 2022 767 2092 quae
780 2002 951 2069 communi
968 2005 1084 2096 patriae
1099 2006 1195 2078 utilia

121 2119 236 2191 emant,
250 2118 290 2173 ut
303 2105 475 2175 communi
486 2103 626 2173 consilio
639 2119 852 2199 gererenuu3
866 2131 977 2201 noque
989 2109 1025 2177 in
1036 2112 1194 2185 omnibus

123 2210 344 2305 Romanorum
365 2212 507 2305 imperio
524 2224 564 2279 ut
584 2210 724 2280 deorum
746 2226 929 2305 pareremr.
952 2214 1047 2285 Nihil
1068 2216 1192 2291 horum

123 2318 277 2388 Caesarem
300 2317 432 2387 latebat
455 2320 585 2389 Verum
608 2314 691 2387 adeo
718 2318 925 2388 Divitiacum
939 2320 1193 2417 AEduosquedi-

122 2422 249 2520 ligebat3
261 2439 302 2493 ut
313 2426 348 2492 in
359 2423 446 2494 illius
455 2422 558 2495 fratre
572 2438 675 2520 atque
687 2420 822 2494 illorum
833 2426 922 2515 cive,
934 2428 1189 2523 nonjustitiam,

32 2597 33 2602 ,
121 2532 170 2600 sed
185 2533 397 2604 clementiam
412 2546 598 2619 exerceret,
616 2552 724 2624 neque
741 2531 931 2627 suppliciis,
949 2535 1009 2604 sed
1020 2550 1111 2606 nunc
1123 2541 1188 2609 mi.

122 2640 179 2727 nis,
195 2664 286 2710 nune
309 2637 476 2708 blanditiis
495 2639 659 2706 niteretur
680 2636 776 2706 illum
789 2638 839 2710 ab
856 2640 1065 2732 iniquissima
1085 2644 1189 2715 inten-

121 2747 200 2816 tione
207 2745 391 2816 retrahere.
401 2744 443 2816 Id
451 2769 555 2838 quum
567 2743 690 2813 frustra
699 2757 802 2831 esset,
815 2742 859 2813 ad
869 2767 946 2812 eam
956 2760 1073 2814 curam
1087 2753 1188 2822 vertit

121 2855 276 2940 ananum,
293 2865 334 2922 ut
346 2852 459 2922 omnia
472 2851 534 2920 sibi
547 2849 635 2920 illius
648 2847 788 2920 consilia
799 2863 881 2919 uota
892 2865 1010 2920 essent.
1025 2854 1187 2945 Proinde,¹

119 2983 210 3052 quum
222 2961 295 3054 jam
314 2983 420 3052 prope
433 2981 581 3029 mensem
593 2957 702 3030 ventis
714 2956 926 3049 navigatione
939 2956 1059 3047 dilata,
1071 2962 1187 3032 votiva

33 3063 34 3128 l
119 3057 245 3136 demum
256 3062 479 3159 tranquillitas
496 3063 690 3151 affidsisset,
704 3064 889 3133 exercitum
907 3087 1010 3135 naves
1023 3091 1186 3142 conscen‘

119 3171 186 3242 dere
199 3172 512 3266 Caesarimperavit,
524 3169 703 3264 multisque
716 3168 922 3264 dolentibus,
933 3196 1021 3242 unus
1031 3177 1185 3253 omnium

33 3301 35 3316 ’
119 3279 298 3350 Dumnorix
308 3278 484 3372 imperium
494 3277 790 3348 detrectareausus
801 3278 1059 3372 eumcquitibu's
1069 3280 1185 3350 AEduis‘

118 3384 192 3456 clam
218 3387 339 3457 castris
367 3383 554 3478 egreditur,
567 3399 601 3452 et
626 3384 771 3479 patriam
799 3407 917 3453 versus
942 3385 1005 3455 iter
1031 3387 1183 3480 arripuit

119 3492 208 3580 Quod
231 3517 338 3588 quum
358 3494 471 3562 Caesar
491 3490 653 3578 audisset,
666 3490 880 3583 navigatione
892 3490 1059 3584 rebusque
1074 3495 1184 3560 omui·

118 3596 169 3670 hus
189 3598 406 3696 posthabitis,
422 3599 588 3692 equitatus
610 3611 739 3692 partem
760 3595 855 3664 illmn
875 3598 985 3690 sequi,
1007 3596 1183 3684 reducere,

119 3706 283 3776 sinautem
301 3707 448 3791 resistat,
463 3703 617 3791 occidere
629 3705 790 3798 praecipit.
804 3701 884 3789 Ille,
896 3727 1001 3796 quum
1018 3705 1185 3796 equitibus

35 3793 37 3810 ’
119 3815 262 3884 assecutis
285 3812 394 3882 redire
416 3809 458 3879 ad
479 3814 645 3882 Caesarem
659 3809 855 3903 juberetur,
875 3811 1117 3880 contumaciter
1129 3813 1186 3882 ob·

120 3931 194 3988 stare
218 3933 253 3990 et
273 3919 376 3990 fidem
404 3919 564 3988 comitum
592 3915 792 4010 implorare,
809 3938 911 4008 seque
932 3930 968 3984 et
987 3913 1135 3990 liberum
1152 3935 1186 3990 et

35 4033 36 4090 l
120 4020 210 4096 libem
237 4041 351 4097 ortum
373 4027 407 4094 in
429 4025 537 4119 patria
564 4021 801 4118 proclamare:
824 4022 952 4115 equites
975 4027 1126 4114 romani,
1147 4040 1186 4097 ut

36 4185 37 4222 3
118 4127 186 4219 jussi
194 4131 680 4222 erant,voeiferantem,seque
692 4152 795 4202 mauu
806 4141 1037 4222 protegentem
1049 4133 1186 4206 circum·
1306 4147 1315 4154 ’

36 4251 37 4272 *
163 4265 233 4335 ιη.
975 4245 1000 4320 6
