3000 5025
283 499 594 571 INTERPRES
621 502 855 572 GRAEGUS.
883 508 979 576 LIB.
1008 511 1035 577 l.
1120 508 1194 583 355

121 642 179 710 τῆς
192 632 316 699 πάντων
326 642 388 701 τῶν
396 630 498 705 άλλων
510 633 637 703 Γάλλων
647 636 800 729 σωτηρίας
808 638 983 731 πρθςαύτδν
992 632 1195 738 διαλέγεσθαι.

120 742 242 811 Τούτου
261 740 315 832 μὲν
335 737 385 839 οὖν
404 741 571 833 τυχόντες,
592 742 705 819 πάντες
722 744 799 834 πρὸς
821 748 887 822 τοῖς
910 746 1000 813 ποσὶν
1027 752 1123 817 αὐτοῦ
1146 742 1195 817 δε-

120 837 307 938 δακρυμένοι
323 849 528 941 προσέπεσον,
549 850 606 940 οὐχ
623 846 718 923 ήττον
738 848 890 941 ἐπιθυμεῖν
907 854 1050 947 λέγοντες
1073 852 1116 923 τθι
1134 882 1195 925 κου

119 951 327 1046 νολογηθίντα
340 956 382 1043 μή
399 946 678 1049 ἰκδημοσιιύεσθοιι,
690 953 709 1029 ἢ
722 956 823 1047 σφίσιν
838 956 914 1052 άπερ
932 960 1096 1042 βούλονται
1111 962 1195 1056 παρὰ

120 1068 178 1125 τοῦ
196 1060 354 1154 Καίσαρος
380 1060 527 1154 γίνεσθαι·
547 1062 597 1129 ότι
617 1054 653 1127 διν
672 1058 754 1129 αὐτὰ
772 1054 958 1157 δημεσιευθῇ
983 1069 1054 1159 σάφ’
1081 1058 1196 1159 ᾔδεσαν

23 1212 26 1219 -
120 1165 251 1257 ἰσχυρῶς
270 1167 523 1260 τιμωρησόμενοι.
538 1150 619 1261 Ῡπὲρ
638 1170 740 1235 αὐτῶν
761 1158 796 1235 δί
815 1163 1025 1248 Διόιτιακθςό
1045 1158 1196 1257 Εδουεὺς,

116 1273 231 1365 λόγους
259 1274 462 1364 ποιούμενος,
482 1264 590 1344 τοιάδε
612 1267 722 1351 ἔλεξεν.
749 1259 901 1369 Εγίνοντσ
928 1277 1007 1367 μὲν,
1034 1280 1112 1370 ἔφη,
1140 1270 1197 1347 δύο

118 1389 177 1455 τῆς
198 1379 356 1456 Γαλατίας
374 1380 544 1472 σχίσματα·
568 1376 608 1445 ὧν
627 1389 684 1447 τοῦ
704 1380 758 1471 μὲν
777 1382 841 1459 ἐνὸς
859 1382 888 1448 οἱ
905 1367 1051 1465 Εδουεῖς,
1069 1384 1197 1478 θατέρου

119 1475 151 1549 δ’
171 1484 201 1550 οἱ
219 1472 369 1578 Ᾰρόίρνοι
391 1482 495 1579 ἦρχον·
516 1482 544 1551 οἰ
571 1476 677 1559 ἐπειδὴ
702 1488 798 1553 πολὺν
825 1488 933 1580 χρόνον
958 1495 1023 1565 τοῖς
1048 1475 1198 1559 Εδουεῢσι

117 1589 265 1684 περὶτῆς
285 1590 441 1669 Γαλατίας
460 1592 555 1685 ἀρχῆς
574 1589 841 1685 ἀντηγωνίσαντο,
862 1593 952 1670 τέλος
970 1594 1070 1685 σφίσιν
1093 1601 1198 1675 αἰετοῖς

118 1700 154 1762 ού
173 1698 371 1781 πιςεύυντες,
390 1698 561 1789 μισθωτοὺς
579 1695 664 1790 παρὰ
682 1703 744 1763 τῶν
764 1698 927 1792 Γερμανῶν
945 1698 1195 1793 μετεπέμψαντο·

119 1800 160 1869 ὧν
181 1804 220 1869 τὸ
238 1808 362 1896 πρῶτον
388 1804 442 1895 μὲν
462 1806 562 1898 μύριοι
581 1802 672 1895 μόνον
690 1800 742 1869 καί
759 1803 1002 1898 πεντακισχίλιοι
1024 1809 1078 1873 τὸν
1100 1793 1197 1881 Γῆνον

119 1898 280 1982 διόύησαν·
296 1910 404 1978 ἔπειτα
422 1902 458 1977 δὲ
477 1902 585 2003 ἄνδρες
604 1905 703 2003 άγριοι
717 1906 803 1976 οὗτοι
815 1909 868 1976 ’καί
882 1903 1047 2005 ύάρύαροι,
1061 1922 1102 2007 τῇ
1113 1916 1200 2006 χώρᾳ

120 2016 173 2083 καὶ
194 2024 235 2108 τῇ
254 2006 359 2110 διαίτῃ
378 2024 418 2110 τῇ
437 2040 472 2083 τε
491 2023 553 2083 τῶν
574 2015 699 2083 Γάλλων
720 2005 847 2107 δυνάμει
865 2016 1060 2109 τερφθίντες,
1078 2020 1200 2096 πλείους

119 2122 174 2189 καί
188 2119 310 2200 πλείους
326 2121 561 2216 ἐπεραιώθησάν·
582 2124 643 2199 ἰός-ε
662 2123 765 2189 αὐτῶν
786 2130 838 2189 νῦν
857 2119 929 2187 εἰσιν
948 2125 979 2189 ἰν
997 2132 1039 2216 τῇ
1058 2124 1200 2214 Γαλατίᾳ

121 2233 163 2305 ὡς
193 2218 319 2295 δώδεκα
343 2220 499 2322 μυριάδες.
518 2230 648 2305 Τούτοις
666 2227 720 2319 μὲν
740 2228 771 2293 οἰ
787 2225 814 2293 θ’
837 2212 964 2306 Εδυυιῖς
989 2228 1040 2296 καὶ
1068 2230 1096 2297 οἱ
1122 2231 1201 2298 ἐκεί-

119 2361 181 2401 νων
208 2336 366 2427 σύμμαχοι
394 2329 477 2411 ἅπαξ
502 2334 554 2401 καὶ
579 2324 626 2411 δὶς
652 2328 838 2403 συνίύαλον.·
856 2317 1051 2415 Ηττηθίντες
1071 2327 1124 2418 δθ,
1146 2362 1202 2430 με·

120 2441 229 2536 γάλως
251 2443 420 2536 ἠτύχησαν·
438 2439 557 2519 πάντας
572 2440 625 2534 μίν
639 2437 698 2535 γὰρ
717 2440 790 2517 σοθς
809 2443 955 2534 εὐγενεῖς,
968 2442 1070 2509 πᾶσάν
1089 2466 1124 2508 τε
1144 2445 1199 2516 τήν

121 2557 209 2641 σφῶν
233 2549 425 2641 σύγκλητον,
446 2548 566 2625 πάντας
589 2571 625 2614 τε
646 2546 723 2639 πρὸς
746 2547 870 2623 τούτοις
889 2547 962 2623 τοὺς
987 2548 1097 2626 ἱππίας
1124 2549 1201 2616 άπά-

122 2649 233 2724 όαλον·
254 2653 326 2721 ὥσθ’
339 2655 368 2722 οἰ
385 2663 427 2747 τῇ
447 2663 529 2746 σφῶν
545 2653 623 2720 am&
641 2643 781 2744 δυνάμει,
799 2651 851 2719 καί
873 2660 915 2744 τῇ
942 2653 1019 2744 πρὸς
1042 2655 1114 2730 τοὺς
1131 2639 1201 2720 Ρω-

122 2763 235 2854 μαίους
263 2753 345 2852 Εινίφ
363 2785 399 2828 τε
426 2760 477 2829 καὶ
500 2759 585 2852 φιλίᾳ
609 2760 723 2853 μίγεςα
748 2757 927 2849 ἰσχύσαντες
954 2742 1107 2856 Ιίδσυεῒς,
1136 2767 1201 2838 τοῖς

122 2869 268 2944 Σικανοῖς
285 2876 336 2934 νῦν
356 2869 488 2960 ὁμήρους
516 2857 622 2932 δοῦναι
639 2865 713 2942 τοὺς
738 2862 864 2930 πάντων
882 2869 945 2929 τῶν
963 2872 1020 2943 τῆς
1039 2871 1122 2956 σφῶν
1147 2868 1202 2932 πό-

120 2982 201 3051 λεως
220 2973 335 3066 σίρίςων
356 2964 495 3055 πάίδας,
514 2971 565 3040 καὶ
590 2971 722 3064 ὀμόσαι,
740 2966 761 3042 ἦ
784 2973 844 3061 μὴν
866 2960 948 3061 μηδὲ
972 2971 1046 3048 τοὺς
1071 2972 1201 3064 όμήρους

122 3081 326 3163 άπαιτήσων,
339 3081 418 3171 μήτε
436 3077 576 3163 βοηθείας
590 3073 674 3172 παρὰ
687 3082 750 3144 τῶν
768 3061 919 3168 Ῥωμαίων
931 3067 1110 3159 δεήσεσθαι,
1122 3081 1200 3167 μήτε
1218 3131 1221 3136 .

123 3213 158 3281 γε
178 3185 423 3280 παραστήσεσθαι
444 3193 501 3252 τοῦ
520 3185 564 3276 μὴ
582 3174 636 3250 διὰ
654 3182 771 3259 παντὸς
788 3191 851 3248 τῶν
870 3183 1007 3279 Σικανῶν
1027 3185 1200 3252 ὑπακούειν.

123 3292 190 3360 Καὶ
200 3293 295 3370 αὐτὸς
309 3292 374 3384 μὲν,
383 3293 455 3382 ἔφη,
468 3291 560 3383 μόνος
570 3288 632 3380 εἰμί
642 3291 719 3384 ἐγὼ,
732 3291 800 3368 όςις
814 3291 844 3356 ἐν
857 3292 933 3358 πᾶσι
945 3294 1010 3365 τοῖς
1023 3271 1200 3372 Εδουεῦσιν,
1282 3305 1288 3308 ·

124 3399 143 3475 ἢ
164 3405 232 3476 τοῖς
250 3394 355 3476 ἄλλοις
373 3404 630 3488 συνοφκωμυτιίν,
647 3395 668 3470 ἢ
686 3404 758 3489 γοῦν
780 3397 912 3490 ύμήρους
930 3394 1002 3470 τοὺς
1019 3396 1110 3485 ἐμούς
1127 3402 1201 3464 παῖ·

51 3525 57 3536 “
125 3498 186 3584 δας
199 3497 326 3587 δοῦναι,
339 3506 395 3572 οὐκ
406 3495 558 3578 ήδυνήθην
573 3501 744 3577 πεισθῆναι.»
752 3499 818 3572 Καὶ
829 3491 883 3569 διὰ
895 3502 954 3572 την
968 3497 1069 3567 αἰτίαν
1081 3505 1200 3574 ταύτην

125 3616 163 3681 ἐκ
176 3622 233 3690 τῆς
248 3620 310 3678 τῶν
321 3597 462 3679 Εδουίευν
477 3610 596 3686 πόλεως
606 3611 770 3702 προφυγὼν
784 3606 824 3684 εἰς
837 3608 895 3681 τήν
908 3591 1038 3697 Ῥώμην,
1047 3607 1118 3697 περὶ
1132 3600 1203 3680 Gon·

126 3719 209 3797 θείας
219 3719 295 3811 πρὸς
305 3719 365 3790 τήν
371 3715 527 3813 γερουσίαν
540 3716 762 3809 παρεγενόμην,
770 3717 820 3782 ότι
828 3712 920 3804 μόνις
929 3712 992 3806 ἰγίο
1001 3712 1071 3779 ούτε
1080 3738 1115 3807 γε
1124 3715 1202 3804 ἕνορ·

127 3851 181 3904 κος
194 3822 249 3908 ἦν,
259 3825 332 3892 οὔτε
344 3827 474 3917 ὁμήρους
488 3813 661 3892 ἐδεδοίκειν.
673 3809 753 3888 Ᾱλλ’
762 3820 792 3886 οἱ
808 3820 903 3914 γιμήν
912 3817 1039 3886 Σικανοὶ
1051 3820 1202 3891 νενικηκό·

128 3959 197 4016 τις,
207 3930 312 4000 κάκιον
325 3940 377 3998 νῦν
388 3942 450 3998 τῶν
461 3929 657 4006 ἡττηθέντων
670 3913 812 3994 Εδουόων
819 3923 1021 4018 πράττουσιν.
1035 3908 1129 4016 Ομδν
1141 3923 1200 4018 γὰρ

127 4049 192 4107 τῶν
203 4041 367 4131 Γερμανῶν
381 4033 521 4116 ύοισιλεὺς
530 4025 695 4128 Ᾱριόύιςος
705 4035 735 4100 ἰν
749 4030 920 4127 τῇίκείνων
930 4032 1202 4123 χύρφκαταμίνει,

130 4145 253 4224 καὶτῆς
275 4144 430 4225 Γαλατίας
448 4141 651 4238 ἰνεργοπάτης
669 4141 833 4236 Σεκανικῆς
849 4148 906 4232 γῆς
928 4139 966 4208 τὸ
983 4135 1089 4229 τρίτον
1113 4138 1201 4232 μέρος

251 4259 253 4262 ’
663 4277 674 4296 ⁰
976 4266 1044 4339 23²

615 4363 633 4419 ἱ
