3000 5025
222 472 532 540 INTERPRES
560 472 795 540 ευωουε.
823 473 919 540 ιιι.
947 473 1035 542 νιι.
1093 447 1167 542 5οὲ

107 591 449 695 κατακαυςόον,ἕπειτα
469 595 504 671 δὲ
522 606 783 698 ίγκαταλειπτέον
803 607 860 679 τὴν
879 593 1035 698 Ᾰόάρικον
1056 609 1166 685 ἐκεῖνος

105 707 362 779 ουνεύουλεύσατο·
390 716 450 789 ι’ύςε
477 715 538 798 ὅσῳ
567 718 585 786 η’
613 717 674 778 τῶν
705 707 806 778 ἀλλων
834 721 999 806 ςρατηγῶν
1028 712 1079 780 ἐπί
1108 740 1168 779 τινι

104 810 227 910 δυςυχίᾳ
261 822 449 886 ἐλαττοῦται
480 810 633 910 δύνάμιςδ,
655 821 797 905 τοσούτῳ
828 819 942 886 τούτου
966 810 1167 906 (τούναντίον
1258 905 1262 911 Ι

105 932 160 1003 τοῖς
174 922 295 1010 ἀλλοις)
318 925 367 992 ἐπὶ
389 927 493 1011 τούτῳ
513 934 559 1012 τῷ
579 917 781 1016 δυςυχηματι
801 925 840 992 τό
850 975 859 1006 ,
878 951 914 991 τε
932 926 1049 1016 ὄνομα,
1068 924 1120 991 καὶ
1145 932 1164 1000 ή

104 1023 221 1124 δύναμις
235 1026 372 1110 ἤυΕανεν·
389 1032 455 1126 όίμα
474 1031 526 1124 μὲν
543 1029 624 1126 γὰρ,
646 1035 742 1098 αὐτοῦ
759 1042 862 1099 ταῦτα
883 1026 1079 1109 όεόαιοῢντος
1092 1082 1101 1114 ,
1115 1035 1167 1098 ἐλ-

103 1130 174 1204 πίδα
193 1150 249 1206 τοῦ
273 1135 330 1216 τὰς
352 1134 448 1216 ἀλλας
468 1139 569 1217 πόλεις
588 1130 788 1231 συμμαχίδας
806 1138 957 1207 ποιεῖσθαι
979 1133 1070 1230 εἶχον·
1094 1139 1167 1205 τότε

104 1235 133 1308 δὲ
146 1255 264 1336 πρῶτον
278 1255 336 1312 τοῦ
346 1247 383 1312 τὸ
393 1256 476 1337 σφῶν
484 1236 679 1339 ςρατόπεδον
688 1247 844 1337 κρατύνειν
852 1245 881 1312 οἱ
891 1245 1005 1312 Γάλλοι
1016 1237 1167 1338 ἤρξαντο,

103 1342 248 1444 ἀνδρεςτε
267 1352 396 1446 πρόσθεν
416 1352 510 1420 πόνου
529 1351 629 1429 ἀιόθεις
648 1353 750 1434 όντες,
766 1354 848 1418 οὕτω
867 1352 942 1418 τότε
963 1351 1167 1443 ἐσκληράνθη-

101 1481 167 1540 ταν,
186 1463 264 1526 ὥστε
282 1460 388 1528 πάντα
418 1455 460 1526 τά
486 1457 569 1547 σφίσι
594 1458 913 1552 παραγγελθησόμενα
938 1460 1069 1532 ποιητέα
1094 1453 1171 1524 εἶναι

101 1562 176 1652 σφίσι
188 1566 337 1660 ἡγεῖσθαι.

147 1674 270 1742 XXXI.
290 1657 321 1738 0
350 1664 385 1738 δὲ
408 1665 646 1768 Βερκιγγέτορυὶ
671 1682 727 1740 τοῦ
745 1669 803 1749 τὰς
828 1669 923 1749 ἀλλοις
947 1672 1050 1750 πόλεις
1073 1670 1169 1763 ἀναρ-

102 1777 220 1864 τάσθαι,
243 1770 332 1848 οὐδὲν
356 1776 472 1863 ἦττον,
495 1778 515 1853 ἢ
542 1782 712 1870 ὑπίσχετο,
735 1782 930 1869 ἐπεμελεῖτο,
950 1780 1021 1854 τοὺς
1048 1780 1168 1845 τούτων

101 1878 243 1974 ἀρχοντας
263 1877 391 1979 δωρεαῖς
410 1911 465 1969 τε,
479 1885 530 1953 καὶ
557 1886 755 1976 ὑποσχέσεσιν
779 1884 1005 1976 ἀνακτώμενος·
1031 1883 1109 1977 πρὸς
1129 1887 1167 1952 τὸ

102 1977 132 2053 δὲ
148 2001 248 2060 ταῦτα
277 1985 505 2085 διαπράξασθαι
530 1983 644 2085 ἀνδρας
674 1988 750 2084 εἶχεν
779 1994 935 2073 ἐπιεικεῖς,
959 1989 1000 2056 ὧν
1024 1989 1168 2084 ἀλόγοις

100 2082 295 2178 ἐξαπατηλοῖς
306 2097 347 2184 ,ἢ
366 2099 426 2165 τινὶ
444 2097 530 2191 φιλίᾳ
549 2095 589 2177 εἷς
604 2101 715 2176 ἕκαςος
734 2097 893 2172 πεισθῆναι
913 2097 1034 2189 μάλιςα
1053 2092 1089 2164 θεν
1111 2087 1168 2163 δύ-

99 2225 189 2271 ναιτο.
214 2186 338 2275 θπειτα
363 2197 397 2272 δὲ
417 2204 546 2299 ἰσχυρῶς
558 2205 616 2272 καὶ
634 2208 747 2272 τούτου
767 2207 965 2296 ἐπεμελεῖτο,
984 2207 1068 2292 ὅπως
1088 2204 1116 2271 οἱ
1134 2206 1169 2270 ἐκ

99 2317 149 2386 τῆς
162 2299 319 2404 Ᾰόαρίκου
335 2304 554 2408 διαφυγόντες,
568 2305 788 2391 ἐξοπλίζοιντο·
807 2313 873 2403 ἀμα
890 2337 945 2397 τε,
959 2311 1039 2378 ίναό
1055 2318 1117 2377 τῶν
1137 2312 1167 2376 ἐν

99 2423 133 2506 τῇ
162 2406 306 2513 Ᾰόαρίκῳ
332 2418 546 2488 ἀποθανόντων
575 2428 757 2511 ςρατιωτῶν
787 2418 913 2513 ἀριθμὸς
927 2410 1168 2511 ιἀναπληροῖτο,

36 2604 38 2611 Ι
99 2520 162 2587 τινὰ
180 2527 277 2621 ἑκάς-η
301 2527 389 2593 πολει
408 2535 589 2620 ςρατιωτῶν
611 2526 736 2619 ἀριθμὸν
757 2528 958 2620 ἐπήγγελλεν,
972 2526 1058 2601 ε’ντὸς
1085 2525 1168 2601 τινὸς

100 2631 185 2715 ῥητῆς
201 2636 317 2727 ἡμέρας
334 2632 461 2712 ἐκείνους
478 2640 617 2725 παρεῖναι
636 2634 776 2698 κελεύων.
796 2632 879 2725 Πρὸς
900 2633 1024 2708 τούτοις
1039 2656 1074 2697 τε
1093 2629 1169 2697 πάν·

99 2757 150 2812 τας
169 2740 239 2818 τοὺς
253 2734 389 2819 τοξότας
404 2749 461 2817 τῆς
476 2737 653 2821 Γαλατίας,
666 2738 871 2830 παμπολλους
887 2738 996 2821 ὄντας,
1011 2729 1168 2815 ζητεῖσθαί
1206 2812 1209 2817 ,

100 2864 148 2924 τε,
162 2844 212 2911 καὶ
225 2849 301 2939 πρὸς
317 2843 409 2913 αὐτόν
426 2841 551 2940 ἀγεσθαι
571 2838 768 2939 προσέταξεν·
784 2849 846 2923 ὥςε
859 2851 922 2911 τῶν
945 2847 974 2910 ἐν
995 2853 1035 2937 τῇ
1051 2831 1167 2934 Ᾰόαρί-

98 2969 137 3031 κιρ
153 2950 369 3046 ἀπολλυμένων
384 2958 400 3019 ό
416 2952 541 3045 ἀριθμὸς
558 2952 638 3042 ταχὺ
654 2952 787 3029 ἔκπλεως
803 2952 935 3045 ἐγένετο.
950 2951 1026 3043 Περὶ
1041 2940 1077 3016 δὲ
1092 2949 1165 3028 τοὺς

75 3105 78 3117 ,
98 3054 215 3144 χρόνους
238 3061 368 3136 τούτους
395 3064 411 3126 ό
434 3067 496 3125 τῶν
524 3051 739 3151 Νητιοόρίγων
760 3052 901 3136 όασιλεὺς
928 3057 1164 3148 Τουτόμανοςό

98 3142 319 3247 Ολλοόίκονος,
333 3174 389 3233 τοῦ
408 3165 496 3256 φίλου
510 3165 569 3234 ὑπὸ
588 3174 650 3231 τῶν
668 3149 819 3256 ῥωμαίων
841 3163 893 3230 καὶ
907 3174 963 3242 τῆς
977 3162 1095 3230 ἐκείνων
1112 3189 1165 3257 γε·

99 3267 209 3355 ρουσίας
225 3272 323 3340 πάλαι
340 3272 522 3356 κληθέντος,
539 3274 616 3364 πρὸς
633 3272 687 3339 τὸν
705 3270 970 3366 Βερκιγγετόρυχα
988 3271 1042 3336 σὺν
1064 3275 1164 3363 πολλῇ

95 3378 272 3470 παρεγένετο
285 3381 381 3465 ἵππῳ.

144 3483 285 3553 XXXII.
312 3470 342 3551 O
365 3478 400 3551 δὲ
420 3488 541 3577 Καῖσαρ
569 3483 686 3563 πολλὰς
709 3488 739 3550 ἐν
763 3493 804 3578 τῇ
827 3472 975 3575 Ᾰύαρίκφ
996 3475 1162 3573 διατρίψας

96 3587 221 3679 ἡμέρας,
240 3595 357 3666 πολλόν
377 3618 412 3658 τε
432 3590 518 3659 σίτου
544 3592 596 3658 καὶ
619 3587 720 3657 ἀλλων
742 3581 924 3664 ἐπιτηδείων
952 3580 1163 3657 παντοδαπῶν

96 3693 181 3781 εὑρὼν
203 3696 367 3788 ἀφθονίαν,
388 3699 422 3764 ἔκ
440 3724 475 3765 τε
503 3706 559 3764 τοῦ
587 3696 715 3790 πρόσθεν
743 3699 853 3779 πόνου,
878 3695 930 3763 καὶ
953 3705 1009 3773 τῖς
1033 3696 1161 3788 πρόσθεν

96 3793 217 3892 ἀπορίας
250 3807 306 3878 τὴν
337 3810 448 3871 ἑαυτοῦ
476 3800 606 3897 ςρατιὰν
640 3798 797 3893 ἀνέψυξεν.
824 3782 894 3877 ίθδη
917 3806 1067 3897 λη’γοντος
1091 3806 1162 3870 τού·

96 3925 148 3966 του
177 3920 232 3975 τοῦ
265 3920 411 4003 χειμῶνος
435 3909 486 3977 καὶ
513 3912 565 3977 ὑπ’
591 3913 687 3977 αὐτοῦ
715 3921 772 3977 τοῦ
795 3920 902 4002 καιροῦ
927 3918 984 3976 τοῦ
1007 3907 1163 4002 Καίσαρος

96 4008 166 4099 πρὸς
198 4021 250 4083 τὸν
288 4020 423 4110 πολεμον
452 4018 748 4111 παρακαλουμένου,
775 4016 830 4104 ,καὶ
862 4013 973 4083 ἐκείνου
1005 4015 1081 4107 πρὸς
1109 4016 1163 4083 τὸν

95 4119 233 4209 πολέμιον
252 4124 371 4192 ἀπιέναι
390 4116 622 4219 διανοηθέντος,
640 4124 689 4221 ἵνα
708 4122 726 4198 ἢ
748 4125 841 4190 αὐτὸν
863 4125 896 4190 ἐκ
915 4131 977 4189 τῶν
1001 4126 1076 4189 ἑλῶν
1094 4125 1162 4189 ἐπι-
