3000 5025
960 247 979 284 Ι,

236 467 546 538 INTERPRES
573 465 811 535 GRAECUS.
840 467 937 535 LIB.
966 468 1056 537 VII.
1103 465 1179 564 493

115 602 131 678 ἢ
149 604 301 676 τοσαύτην
322 592 447 678 ἀδοξίαν
463 601 558 692 ἔχειν,
573 597 630 676 τὰς
648 596 774 666 πάντων
794 608 855 664 τῶν
871 600 1040 692 συμμάχων
1059 605 1182 696 γνώμας

115 711 162 800 ἀφ’
178 713 287 776 ἑαυτοῦ
310 703 575 800 ἀποτρεψοίμενος.
594 705 673 784 Τοὺς
697 691 823 784 Εδουιῖς
843 717 1002 799 τοιγαροῦν
1022 700 1184 783 ἐπιτήδεια

115 824 151 908 τῇ
169 819 290 882 ἑαυτοῦ·
304 818 419 907 ςρατιᾷ
446 807 576 906 πορίζειν
603 814 838 904 παρακαλέσας,
854 813 1009 906 1ιὶγγελους
1034 816 1088 905 μὲν
1107 818 1183 910 πρὸς

115 931 181 998 τοῦς
207 916 332 1003 Βοίους,
353 921 462 987 ἑαυτὸν
491 926 530 997 ὡς
556 919 641 986 οὔπω
668 925 806 1009 παρεῖναι
828 909 1030 1003 διδάξοντας,
1053 920 1104 988 καὶ
1126 925 1183 997 τήν

116 1037 172 1095 τῶν
201 1027 354 1118 πολεμίων
379 1029 475 1120 ὁρμήν
509 1025 642 1117 θρασέως
666 1027 824 1117 ὑπομένειν
851 1028 1011 1117 ἐροῦντας,
1038 1027 1089 1093 καὶ
1120 1029 1184 1106 τοῖς

115 1119 261 1226 Ῥωμαίοις
281 1134 461 1225 συμμάχους
482 1131 529 1199 οἱεὶ
552 1123 703 1223 διαμένειν
725 1135 1016 1224 παρακαλέσοντας,
1030 1135 1186 1226 προέπεμ-

117 1237 176 1328 ψεν·
193 1243 285 1316 αὐτὸς
309 1230 344 1305 δὲ
369 1231 424 1306 δόυ
438 1242 480 1306 ’έν
500 1247 540 1332 τῇ
565 1227 727 1331 Ᾱγενδίκῳ
743 1238 833 1304 πολει
852 1237 1022 1333 τάγματα,
1039 1239 1091 1306 καὶ
1116 1243 1185 1332 μετ’

115 1352 210 1414 αὐτῶν
230 1345 273 1412 τὰ
291 1356 348 1412 τοῦ
368 1355 486 1439 ςροιτοῦ
511 1345 627 1422 παντὸς
649 1343 818 1437 σκευοφόρα
837 1347 1036 1428 καταλιπὼν,
1055 1345 1105 1412 ἐπὶ
1127 1349 1185 1421 τήν

116 1464 172 1520 τῶν
184 1449 279 1520 Βοίοιν
294 1447 434 1526 όοήθειοιν
449 1450 577 1526 ἀπῆλθε.
636 1491 640 1502 .

166 1563 225 1627 XI.
241 1563 288 1652 Τῇ
304 1550 333 1625 δ’
352 1557 481 1650 θςεραίᾳ
499 1555 574 1650 πρθς
592 1557 680 1624 πόλιν
700 1564 763 1623 τῶν
782 1559 930 1643 Σενόνων,
943 1550 1185 1626 Βελαυνόδουνον

117 1667 320 1759 καλουμένην,
343 1664 603 1759 παραγινόμενος,
623 1662 745 1731 ὄπισθεν
770 1668 881 1732 ἑαυτοῦ
901 1657 1021 1757 μηδένα
1038 1666 1187 1734 ποιεῖσθαι

116 1774 256 1865 πολεμιον
283 1767 484 1863 όουλόμενος,
502 1772 552 1836 ἵνα
570 1774 640 1862 ῥᾷον
664 1778 704 1862 τῇ
722 1774 834 1838 ἑαυτοῦ
853 1775 969 1864 ςρατιᾷ
992 1761 1122 1844 δόνηται
1146 1771 1188 1840 τὰ

118 1871 277 1953 ἐπιτήδεια
304 1870 561 1972 παρασκευάζειν,
583 1869 787 1970 προσόάλλειν
808 1881 888 1972 αὐτῇ
911 1869 1062 1952 διενοήθη·
1079 1880 1131 1944 καὶ
1159 1882 1188 1945 ἐν

118 1977 169 2053 δόο
196 1987 322 2080 ἡμέραις
345 1987 439 2058 αὐτὴν
463 1981 785 2075 περιςαυρωσάμινυς,
800 1994 840 2077 τῇ
868 1983 958 2078 τρίτη
987 1986 1087 2076 ἡμέρα
1107 2011 1189 2077 πεμ-

118 2092 246 2182 φθέντων
265 2094 337 2183 παρ’
354 2092 446 2158 αὐτὸν
465 2093 500 2156 ἐκ
519 2098 575 2167 τῆς
594 2091 710 2166 πολιως
728 2088 798 2183 περὶ
816 2089 934 2182 εἰρήνης
952 2086 1127 2183 πρέσέιων,
1146 2091 1188 2158 τὰ

118 2201 195 2267 όπλα
219 2204 322 2283 ἑαυτῷ
341 2197 518 2290 ἀποφέρειν,
538 2197 609 2273 τοιίς
631 2220 665 2261 τε
682 2197 795 2274 ἵππους
818 2193 922 2291 οἴγειν,
945 2196 997 2264 καὶ
1015 2191 1189 2275 ἑξακοσίους

118 2309 243 2399 ὁμήρους
266 2295 387 2388 δοῦναι,
402 2310 466 2380 τοῖς
486 2301 627 2381 πολίταις
647 2296 787 2380 ἐπέταξε·
803 2302 857 2369 καὶ
874 2305 994 2370 τοότων
1009 2304 1063 2395 μὲν
1084 2307 1189 2397 έπιμε·

115 2413 278 2505 λησόμενον
294 2413 318 2475 Γ
321 2411 385 2478 ἄϊον
404 2403 589 2501 Τρηόόνιον,
602 2411 654 2475 ἕνα
670 2416 730 2474 τῶν
750 2414 998 2504 ὑποςρατηγῶν,
1012 2412 1189 2493 κατέλιπεν.

119 2521 215 2602 Αὐτὸς
234 2511 271 2585 δὲ
290 2522 339 2585 ότι
353 2517 471 2609 τάχιςα
485 2515 665 2609 πορεύεσθαι
679 2508 878 2608 όουλόμενος,
890 2516 941 2583 ἐπὶ
961 2520 1018 2591 τὴν
1039 2514 1189 2602 Γέναθον,

119 2626 201 2714 πολιν
221 2635 285 2691 τῶν
306 2625 507 2716 Καρνοότων,
521 2625 670 2713 ὥρμησεν·
686 2622 713 2687 οἱ
731 2613 767 2687 δὲ
785 2623 981 2714 Καρνοῢτες,
998 2631 1189 2719 πολιορκεῖσ-

119 2731 165 2799 θαι
178 2734 236 2800 ὑπὸ
262 2739 322 2798 τῶν
345 2715 492 2821 Ῥωμαίων
511 2730 568 2801 τήν
599 2719 838 2794 Βελλονόδουνον
857 2727 945 2797 πόλιν
967 2730 1042 2796 τότε
1067 2738 1190 2825 πρῶτον

122 2842 220 2917 αὐτοῖς
239 2836 458 2931 ἀγγελθέντος,
471 2836 526 2902 τὸν
548 2832 692 2926 Καίσαρα
713 2832 763 2901 ἐπὶ
781 2840 883 2930 πλεῖον
907 2839 975 2929 περὶ
997 2846 1107 2930 ταῦτα
1120 2829 1191 2905 δια-

118 2942 230 3039 τρέψειν
247 2946 425 3038 ἡγοόμενοι,
435 2940 565 3034 ρρουρὰν
575 2991 584 3023 ,
596 2940 631 3014 ἢν
640 2939 680 3017 εἰς
695 2942 753 3013 τήν
768 2942 792 3004 Γ
795 2935 902 3008 έναόον
918 2945 1085 3034 πέμποιεν,
1099 2970 1192 3037 παρε-

51 3110 54 3115 .
120 3047 273 3131 σκεύαζον.
291 3036 323 3115 ί)
343 3050 397 3142 μὲν
421 3044 471 3115 οὖν
498 3050 618 3139 Καῖσαρ
643 3047 718 3139 πρὸς
742 3049 859 3119 ταύτην
884 3046 965 3140 μετὰ
994 3036 1050 3116 δόυ
1077 3053 1191 3144 ἡμέρας

119 3159 253 3248 άρίκετο·
270 3155 322 3223 καὶ
335 3157 395 3248 πρὸ
414 3164 472 3233 τῆς
490 3147 971 3246 πόλεως’ςρατοπεδευσάμενος,
991 3155 1043 3222 καὶ
1061 3160 1110 3223 ότι
1128 3149 1190 3232 ἤδη

119 3272 135 3339 ή
150 3250 389 3346 νὺξέπλησίαζι,
402 3260 442 3339 εἰς
457 3263 513 3335 τὴν
529 3258 672 3353 ὑςεραίαν
688 3262 743 3333 τὴν
754 3261 830 3354 πρὸς
844 3263 900 3335 τήν
913 3262 1002 3329 πολιν
1017 3258 1191 3355 προσόολὴν

120 3366 303 3438 ἀνεόάλλετο
313 3420 322 3452 ,
332 3367 382 3435 καὶ
398 3365 437 3432 ὧν
451 3368 526 3459 πρὸς
540 3366 726 3433 τὰτοιαῦτα
741 3358 823 3449 ἔδει,
837 3375 900 3445 τοῖς
915 3369 1103 3459 ςρατιόιταις
1117 3397 1194 3465 παρ-

120 3480 254 3571 ήγγειλεν
272 3464 564 3568 παρασκευάζεσθαι·
585 3476 635 3539 ότι
655 3464 690 3539 δὲ
710 3475 739 3539 έν
756 3483 795 3567 τῇ
810 3468 936 3559 Γενάόῳ
953 3475 1003 3541 ἐπὶ
1021 3487 1067 3563 τῷ
1083 3474 1193 3569 Λίγηρι

120 3592 251 3676 ποταμῷ
272 3584 388 3676 γέρυρα
408 3583 501 3662 ἐπῆν,
516 3574 675 3672 ροόηθεὶς,
690 3582 734 3670 μή
751 3604 812 3647 που
835 3584 869 3647 ἐκ
885 3582 997 3658 νυκτὸς
1020 3582 1049 3647 οἱ
1066 3589 1193 3649 πολῖται

121 3681 339 3783 άποδράσοιεν,
354 3679 410 3755 δόο
426 3687 577 3780 τάγματα
594 3688 623 3750 ἐν
641 3688 745 3763 όπλοις
762 3694 963 3779 προρυλακεῒν
979 3693 1191 3783 παρήγγειλεν·

121 3796 147 3862 οἱ
169 3788 204 3863 δὲ
224 3788 262 3869 δη
279 3789 408 3861 Γέναόοι
421 3794 531 3869 νυκτὸς
545 3794 644 3885 ἡρέμα
666 3793 699 3856 ἐκ
720 3802 776 3869 τῆς
795 3793 912 3871 πόλεως
935 3788 1125 3877 ἐξελθόντες,
1140 3797 1194 3863 τὸν

122 3905 261 3995 ποταμὸν
284 3893 447 3983 διέόαινον.
471 3902 540 3969 Τῶν
565 3889 601 3964 δὲ
627 3899 834 3966 κατασκόπων
860 3908 906 3986 τῷ
930 3900 1064 3993 Καίσαρι
1092 3912 1196 3969 ταῦτα

124 4008 392 4103 ἀπαγγειλάντων,
412 4006 506 4083 αὐτὸς
530 4002 589 4081 τὰς
616 4014 672 4081 τῆς
702 4004 819 4082 πόλεως
849 4010 949 4084 πυλας
976 4011 1196 4093 κατακαύσας,

123 4110 233 4206 τὰμὲν
256 4121 513 4215 προρυλακοῦντα
535 4103 591 4177 δέο
620 4108 772 4204 τάγματα
797 4110 838 4189 εἰς
860 4116 917 4187 τήν
944 4120 1034 4182 πόλιν
1055 4114 1195 4209 εἰσεπέμ.
