3000 5025
289 493 339 596 76
500 498 529 565 J.
558 494 714 565 CELSI
742 488 1138 561 COMMENTARII

286 630 423 725 alique,
444 628 534 697 unde
555 639 733 712 venerant,
748 623 906 693 violentia
922 621 1030 717 pelagi
1049 624 1276 703 verterenun‘3
1289 616 1361 689 aliae

289 736 331 805 ad
345 733 443 805 aliam
455 749 585 830 partem
597 731 711 802 insula
727 756 859 800 summo
871 755 950 799 cum
967 727 1157 797 discrimine
1170 740 1358 821 agerentur.

288 843 381 931 Quin
402 842 502 911 etiam
514 864 626 909 :naves
644 838 734 927 aliae,
757 851 792 906 et
808 836 932 931 longae,
949 849 984 903 et
999 834 1173 920 onerariae,
1188 834 1223 900 in
1238 832 1362 925 quibus
1481 894 1482 929 ,

287 950 451 1019 exercitus
469 962 558 1033 erat,
572 946 724 1040 quamvis
746 944 849 1013 littori
866 944 1047 1029 herentes,
1068 941 1115 1010 sic
1132 937 1285 1034 procellis
1308 953 1362 1007 tu·
1481 983 1483 989 -

288 1054 509 1125 mescentibus
533 1052 655 1122 avirlsae
683 1066 783 1145 atque
808 1072 976 1144 oppressae
1004 1062 1098 1133 sunt,
1123 1060 1163 1114 ut
1187 1069 1362 1114 romanam

287 1161 478 1249 audaciam,
501 1160 618 1228 mundi
642 1158 764 1228 finibus
795 1180 865 1225 non
894 1169 1101 1241 contentam,
1128 1167 1287 1245 extraque
1311 1176 1364 1219 on
1482 1146 1483 1210 i

287 1267 365 1336 bem
387 1264 474 1335 bella
500 1280 724 1359 quaerentem,
748 1279 846 1332 terrae
869 1262 962 1330 limes
982 1261 1118 1330 ultimus
1136 1260 1300 1353 castigare
1317 1260 1364 1326 vi·
1483 1285 1484 1320 i

287 1372 423 1442 deretur
447 1375 612 1441 Oceanus.
637 1373 792 1465 Denique
820 1370 868 1439 sic
892 1367 1037 1460 disjecta
1065 1390 1200 1454 omnes,
1218 1368 1264 1434 sic
1286 1389 1363 1460 per·
1483 1391 1484 1424 r

288 1479 364 1549 ditis
392 1480 606 1549 armamentis
634 1492 692 1547 aut
721 1476 836 1546 fractae
864 1488 923 1543 aut
951 1472 1085 1543 inutiles
1115 1470 1250 1542 reddita
1271 1472 1365 1540 vide·
1482 1501 1485 1537 τ

289 1586 433 1675 bantur,
454 1598 501 1654 ut:
515 1586 634 1654 merito
654 1584 726 1653 baec
748 1585 835 1651 inter
860 1581 1076 1651 adversitates
1100 1582 1269 1649 Caesareas
1298 1604 1364 1647 nu·

288 1707 467 1761 merentur.
492 1693 571 1780 Qua
599 1691 641 1759 de
669 1715 705 1760 re
727 1691 953 1760 consternatio
978 1690 1112 1781 ingens,
1142 1710 1181 1755 ac
1208 1687 1366 1755 moestitia

287 1800 390 1868 totius
410 1800 574 1868 exercitus
596 1813 793 1884 consecuta3
814 1820 892 1863 nam
917 1818 1026 1888 neque
1051 1793 1115 1861 alia
1140 1790 1268 1881 classis,
1296 1816 1366 1886 qua
1482 1823 1487 1862 i

289 1905 453 1992 redirent,
475 1919 564 1991 erat,
591 1926 699 1999 neque
731 1904 774 1972 ad
806 1903 893 1971 hanc
924 1904 1030 1995 ipsam
1060 1900 1280 1994 reparandam
1309 1899 1365 1969 vel
1485 1929 1486 1934 ¹

290 2013 427 2079 materia
445 2009 498 2079 vel
517 2008 676 2098 facultas;
694 2011 777 2079 etin
793 2007 902 2078 Gallia
917 2008 1162 2077 hibernandum
1180 2031 1267 2096 esse,
1280 2022 1315 2075 et
1328 2010 1366 2076 in
1483 2039 1488 2076 e

290 2118 460 2186 Britannia
481 2116 651 2186 hibernari
672 2131 810 2210 propter
828 2115 986 2185 frumenti
1004 2117 1151 2209 inopiam
1169 2138 1239 2183 non
1265 2131 1366 2208 posse
1484 2147 1487 2184 a

289 2224 489 2293 constabat:
514 2239 547 2293 et
571 2238 793 2319 praeterquam
819 2225 909 2318 quod
931 2249 984 2293 res
1009 2247 1071 2318 per
1099 2224 1240 2317 seipsam
1262 2222 1367 2292 tristis

289 2344 377 2417 erat,
396 2329 575 2400 accedebat
597 2346 631 2399 et
648 2331 752 2400 altera
773 2329 907 2401 dolendi
924 2356 1026 2401 causa
1039 2354 1078 2401 ac
1092 2328 1248 2415 timendi3
1264 2329 1367 2422 siqui·

289 2434 367 2505 dem
380 2438 558 2507 Britanniae
572 2438 739 2533 principes
756 2450 840 2534 qnos
857 2440 892 2506 in
913 2438 1014 2507 fidem
1030 2440 1278 2525 Romanorum,
1296 2460 1369 2505 non
1485 2470 1490 2509 i

289 2544 469 2632 amor,sed
483 2569 590 2638 pavor
611 2560 811 2633 attraxerat,
829 2547 942 2615 omnia
963 2545 1025 2615 illis
1044 2546 1160 2614 deesse
1172 2569 1277 2639 quum
1297 2568 1368 2612 cer·
1488 2584 1490 2604 ι

289 2666 424 2740 nerent,
446 2675 564 2739 naves,
586 2655 729 2747 equites,
752 2654 976 2741 frumentum,
989 2678 1052 2721 nec
1072 2667 1159 2720 stare
1179 2651 1251 2720 illos
1267 2675 1366 2746 posse
1488 2715 1490 2720 .

290 2756 431 2847 diutius,
453 2758 643 2847 necabim,
665 2784 782 2829 eorum
804 2785 937 2855 quoqne
957 2760 1159 2855 paucitatem
1178 2773 1368 2828 castrorum
1488 2801 1490 2806 ·

290 2887 330 2932 ex
350 2867 510 2959 angustiis
530 2867 720 2954 metientes,
743 2867 834 2961 quod
855 2891 965 2962 neque
985 2868 1151 2961 equitatus
1173 2889 1281 2958 neque
1302 2866 1366 2934 im·

193 3019 195 3028 ,
289 2970 496 3065 pedimenta,
514 2971 572 3040 sed
586 2973 662 3042 solae
675 2973 720 3042 ibi
736 2989 832 3042 erant
845 2973 1006 3068 legiones,
1016 2986 1244 3067 conceperunt
1253 2995 1367 3066 spem,

290 3091 329 3145 ut
346 3075 385 3144 fit
406 3101 447 3144 ex
465 3076 579 3148 alienis
601 3078 715 3167 malis;
744 3106 784 3149 ac
814 3081 945 3173 rejectis
973 3078 1217 3149 adulationibus
1245 3078 1368 3172 quibus

290 3184 457 3252 Caesarem
486 3200 658 3279 coeperant
679 3189 880 3281 promereri,
903 3188 1104 3281 cogitantes,
1126 3185 1266 3279 quodsi
1288 3209 1367 3253 eum

291 3305 504 3384 superarent,
525 3305 584 3359 ant
606 3295 849 3386 opprimerent,
869 3317 969 3361 nemo
996 3291 1138 3386 amplius
1164 3289 1305 3360 bellator
1332 3293 1367 3360 in

290 3398 495 3466 Britanniam
517 3398 698 3490 trajiceret,
715 3400 830 3469 habito
846 3398 888 3466 de
910 3400 961 3466 his
982 3400 1081 3467 rebus
1098 3401 1185 3467 inter
1206 3423 1242 3468 se
1263 3396 1368 3467 collo·

291 3505 385 3598 quio,
408 3501 619 3573 rebellarunt.
640 3508 753 3575 Caesar
766 3505 917 3574 nondum
936 3507 1166 3598 conjuratione
1182 3505 1368 3599 patefacta,

292 3634 332 3678 ex
359 3609 516 3680 dilatione
538 3626 649 3681 tamen
670 3612 839 3699 obsidum,
860 3613 917 3705 qui
938 3614 1093 3707 promissi
1114 3627 1225 3699 erant,
1246 3636 1287 3680 ex
1308 3611 1369 3680 ad-

291 3720 446 3788 versitate
464 3731 626 3813 praeterea
647 3743 720 3812 quae
740 3719 801 3787 sibi
816 3718 1000 3807 acciderat,
1017 3733 1180 3788 mutatam
1198 3745 1276 3789 cum
1298 3717 1369 3786 sor·

292 3839 375 3894 tuna
392 3825 493 3895 fidem
511 3824 720 3894 barbaricam
738 3826 915 3920 cogitabat
938 3827 1004 3896 Sed
1025 3825 1117 3896 nulla
1134 3853 1171 3896 re
1189 3826 1298 3921 decipi
1312 3853 1371 3922 po·

292 3946 379 4000 terat
400 3956 501 4026 supra
522 3933 706 4001 humanum
727 3932 865 4001 modum
884 3933 969 4003 altus
991 3935 1121 4004 animus
1145 3949 1180 4004 et
1196 3933 1369 4003 invictus:

293 4038 461 4108 frumenta
478 4040 578 4134 igitur
597 4063 638 4106 ex
660 4040 747 4133 agris
769 4042 916 4136 vicisque
926 4041 1088 4111 omnibus
1107 4043 1142 4109 in
1164 4057 1272 4111 castra
1291 4068 1373 4136 quo-

294 4144 373 4216 tidie
394 4144 489 4235 vehi,
511 4160 545 4218 et
565 4146 727 4236 navibus,
745 4173 820 4242 quae
837 4137 1096 4246 irreparabiliter
1113 4173 1241 4244 massae
1254 4165 1373 4241 erant,
