3000 5025
304 500 606 572 INTERPRES
632 499 864 569 GRAECUS.
896 501 993 570 LIB.
1022 503 1107 574 VII.
1161 501 1230 575 531

163 634 309 712 Κίππους
321 634 349 702 οἱ
362 618 497 725 Ρωμαῖοι
508 633 691 701 ἀπεκάλουν·
705 631 833 727 πρόσθεν
847 624 881 699 δέ
893 637 1011 700 τούτων
1027 647 1089 702 τῶν
1105 631 1237 723 τάξεων,

166 735 292 835 όόθρους
316 740 481 836 πλαγίους,
502 739 610 832 ὀρθίοις
637 738 788 808 πάντοθεν
815 739 932 831 ςίχοις,
957 749 1036 834 τρεῖς
1052 736 1166 822 ,πόδας
1201 749 1238 814 τὸ

166 843 258 935 ὕψος,
272 852 409 940 ὤρυττε,
423 844 506 914 κατὰ
528 848 632 941 μικρὸν
657 846 697 923 είς
716 843 778 912 ἀνω
797 839 1031 939 ἀπωξυμμένας·
1053 851 1183 918 ἐνταῦθά
1204 875 1239 918 τε

165 945 260 1032 δοκάς
280 956 467 1049 ςρογγύλας,
490 958 531 1030 ὡς
558 961 656 1046 μηρού
673 954 711 1020 τὸ
730 953 846 1045 πάχος,
868 953 908 1030 είς
926 952 967 1019 τὰ
987 951 1067 1048 ἀκρα
1093 947 1128 1022 δέ
1150 957 1241 1026 ἀπω-

165 1053 333 1152 ξυμμίνας,
346 1061 398 1127 καὶ
418 1060 655 1152 πεπυρωμένας,
669 1058 757 1141 ἐνίει,
773 1063 807 1126 ού
825 1065 927 1126 πλεῖον
952 1061 1107 1154 τεσσάρων
1124 1053 1255 1130 δακτύ-·

162 1172 224 1233 λων
239 1167 415 1258 ἀνεχούσας·
431 1167 497 1260 ἅμα
516 1158 640 1258 δέπρὸς
659 1167 696 1233 τὸ
718 1176 838 1259 ςερεοῢν
859 1191 914 1248 τε,
929 1167 981 1233 καὶ
1000 1162 1140 1234 ύεόαιοῢν
1162 1173 1240 1236 ταύ-

164 1297 221 1350 τας
232 1275 327 1366 ,πρὸς
345 1273 382 1340 τὸ
398 1264 533 1367 γίπεδον
553 1279 634 1365 τρεῖς
647 1264 748 1350 πόδας
766 1284 822 1366 γῆς
841 1275 1034 1364 ἐπεχώννυεν·
1050 1279 1071 1340 ό·
1082 1266 1117 1340 δέ
1130 1281 1239 1354 λοιπὸς

165 1372 274 1472 όόθρος
287 1381 364 1474 πρὸς
386 1382 499 1453 τόσην
519 1370 641 1471 ἐνέδραν
666 1381 832 1446 καλύπτειν
856 1383 1017 1473 φρυγάνοις
1035 1383 1239 1450 ἐκαλύπτετο.

166 1487 289 1552 Τούτου
313 1486 366 1577 μὲν
385 1495 442 1553 τοῦ
460 1476 559 1562 εἴδους
586 1487 671 1552 ὀκτὼ
688 1481 766 1558 ἦσαν
793 1479 909 1568 τάξεις,
932 1493 1011 1577 τρεῖς
1033 1477 1133 1564 πόδας
1149 1489 1243 1563 άλλη-

164 1596 225 1658 λων
241 1584 400 1670 διες-ῶσαα
414 1595 518 1660 Τοῦτο
537 1591 591 1682 μὲν
606 1592 644 1658 τὸ
659 1582 738 1669 εἶδος
754 1583 808 1658 διὰ
824 1593 878 1664 την
894 1593 970 1683 πρὸς
986 1594 1025 1660 τὸ
1041 1588 1129 1670 οἷνθος
1143 1596 1244 1686 όμοιό·

166 1724 252 1772 τητα
283 1698 313 1766 οἱ
342 1684 480 1791 Ρωμαῖοι
510 1695 647 1765 ἐκαλουν·
672 1686 810 1789 Πρόσθεν
842 1689 878 1764 δέ
910 1701 1028 1764 τούτων
1066 1709 1128 1765 τῶν
1159 1703 1244 1767 ὀκτὼ

165 1798 300 1888 τάξεων,
318 1806 464 1898 ςαυροὺς,
481 1795 580 1881 ποδὸς
608 1814 703 1897 μῆκος
722 1805 870 1895 ἔχοντας,
895 1803 1078 1900 ἀρπαγῶνας
1101 1797 1243 1899 σιδηροῦς

167 1911 268 1995 ἐνιεὶς,
281 1918 440 1989 παντελῶς
457 1914 488 1977 ἐν
505 1919 546 2003 τῇ
564 1935 604 2003 γη
618 1912 791 2004 ἐνεπηγνυε·
813 1908 913 2003 ὀλίγον
930 1937 965 1977 τε
982 1903 1124 2002 διάςημα
1142 1904 1245 1979 διαλί-

168 2021 249 2102 πέιν,
263 2016 413 2086 πάντοθεν
446 2019 618 2110 ἐνεπόγνυε.
637 2018 763 2095 Ταύτας
788 2003 822 2082 δὲ
846 2013 903 2094 τὰς
928 2011 1030 2096 τάξεις
1057 2020 1245 2110 Στιμούλους

166 2124 303 2192 ἐκάλουν.

176 2260 180 2266 ’
221 2232 379 2302 LXXIV.
390 2235 502 2300 Ταιῖτα
510 2234 565 2325 μέν
579 2229 630 2299 ούν
644 2235 848 2325 ποιησάμενος
864 2235 892 2300 ἐν
903 2233 1025 2314 τόποις,
1037 2239 1076 2311 ὡς
1091 2225 1244 2316 ἠδύνατο,

167 2331 449 2422 ἐπιτηδειοτάτοις,
462 2340 573 2406 ἑκατὸν
591 2339 644 2406 καὶ
663 2332 808 2406 δυόδεκα
825 2331 923 2416 ςάδια
935 2333 1124 2432 περιλαόὼν,
1138 2339 1246 2432 ὁμοίας

167 2455 224 2514 τοῦ
239 2449 335 2515 αὐτοῦ
355 2437 454 2524 εἴδους
469 2449 649 2539 ὀχυρώσας,
663 2449 734 2514 κατ’
750 2445 873 2514 ἐναντία
886 2452 954 2545 ταῖς
969 2447 1148 2540 προτέραις,
1163 2443 1246 2514 κατὰ

167 2532 225 2621 τοῦ
239 2547 345 2631 ἔξωθεν
355 2552 503 2644 πολεμίου
511 2555 748 2626 ἐποιήσατοῖνα
763 2556 804 2643 μὴ
815 2548 826 2635 (
836 2552 860 2617 εί
873 2554 970 2629 ούτως
981 2546 1114 2643 συμόαίη
1124 2548 1137 2634 )
1148 2556 1244 2620 αὐτοῦ

167 2660 372 2741 ἀπελθόντος,
387 2650 471 2751 μηδὲ
486 2660 566 2751 μίγα
583 2658 699 2735 πλῆθος
721 2650 849 2729 δύναιτο
867 2656 907 2735 εἰς
927 2655 984 2734 τὰς
1010 2660 1171 2751 ὀχυρώσεις
1190 2653 1246 2749 όίιρ·
1265 2643 1270 2656 ’
1297 2728 1299 2732 ,

167 2768 316 2939 παριέναι·
337 2769 378 2857 μη
403 2756 433 2830 δ’
452 2761 491 2829 αὖ
509 2755 706 2839 ἐπικινδύνως
725 2767 760 2831 ἐκ
787 2774 844 2831 τοῦ
856 2766 1089 2855 »χαρακώματος
1116 2757 1242 2840 ἐξελθεῖν

166 2873 196 2941 οἱ
235 2879 346 2965 ωμαῖοι
359 2870 586 2966 ἀναγκασθεῖεν,
599 2873 709 2946 ἔκαςον
728 2870 768 2947 εἰς
788 2869 956 2963 τριάκοντα
969 2872 1084 2962 ἡμέρας
1102 2877 1186 2936 σῖτον
1203 2870 1243 2947 είς

170 2981 208 3047 τὸ
226 2970 421 3073 ςρατόπεδον
442 2983 543 3065 ἐαυτῷ
557 2976 704 3045 συνελθεῖν
721 2978 919 3071 παρήγγειλε.

121 3148 126 3155 .
223 3086 364 3155 LXXV.
379 3069 422 3149 ἐόν
442 3087 545 3170 τούτῳ
570 3075 606 3149 δέ
626 3084 654 3150 οἱ
675 3083 789 3150 Γάλλοι
808 3084 848 3162 εἰς
870 3082 1030 3156 ἐκκλησίαν
1055 3085 1127 3161 τοὺς
1150 3074 1244 3151 δυνα-

169 3193 331 3269 τωτάτους
349 3189 615 3283 συναθροίσαντες,
633 3187 753 3267 πάντας
772 3190 826 3281 μὲν
845 3191 1014 3265 τοὺςόπλα
1031 3190 1127 3281 ρέρειν
1148 3181 1244 3255 δυνα-

169 3301 275 3393 μίνους
289 3294 303 3383 (
315 3305 355 3377 ὡς
374 3298 505 3365 ἐκέλευεν
520 3304 537 3363 ὁ
550 3291 804 3391 Βερκιγγίτορυξ)
816 3299 849 3364 οὐ
870 3294 1082 3361 συνεκάλεσαν·
1104 3297 1195 3387 ῥητὸν
1210 3287 1251 3363 δὲ·

169 3403 246 3474 τινὰ·
266 3404 392 3499 ἀριθμὸν
423 3402 548 3482 ἐκοίςαις
575 3410 643 3481 ταῖς
661 3403 785 3471 πόλεσιν
813 3405 1014 3496 ἐπήγγειλαν,
1034 3404 1076 3491 μὴ
1097 3412 1244 3469 τοσοῦτον

170 3509 418 3605 συναθροίσαντες
433 3509 564 3593 πλῆθος,
579 3513 657 3604 μήτε
680 3504 851 3603 μετριάζειν
872 3504 998 3589 αὐτούς,
1014 3510 1092 3597 μήτε
1112 3504 1149 3573 αὖ
1169 3500 1246 3575 δια·

170 3617 280 3712 κρίνειν
297 3622 409 3695 ἐκαςος
433 3619 506 3693 τοὺς
528 3620 657 3698 ἑαυτοῦ,
681 3621 760 3709 μήτε
786 3617 889 3689 ἱκανὴν
906 3610 1067 3705 Ιπρονομὴν
1093 3614 1171 3704 ἔχειν
1196 3606 1249 3680 δύ-

171 3750 286 3793 ναιντο.
301 3727 432 3816 Πρῶτον
445 3724 499 3815 μὲν
513 3719 564 3790 οὖν
580 3725 761 3817 ἐπήγγειλαν
785 3730 849 3800 τοῖς
870 3722 924 3814 μὲν
939 3705 1088 3785 Εδουεῢσι
1108 3718 1159 3785 καὶ
1184 3728 1248 3799 τοῖς

173 3832 291 3899 ἐκείνων
313 3828 516 3923 συμμάχοις,
540 3830 629 3897 τοῦτ’
658 3830 722 3911 ἐςι,
751 3836 815 3906 τοῖς
847 3830 1072 3923 Σεκουσιανοῖς,
1104 3825 1155 3891 καὶ
1184 3832 1249 3905 τοῖς

174 3926 419 4030 Ᾰμόιόαρέτοις,
437 3935 489 4003 καὶ
517 3944 582 4014 τοῖς
605 3937 784 4027 Αὐλέρκοις,
807 3941 871 4012 τοῖς
904 3958 939 4000 τε
967 3925 1179 4025 Βραννοουίὶι,
1199 3930 1251 3998 καὶ

172 4040 380 4136 Βραννουῖοις,
399 4048 464 4121 τοῖς
483 4038 644 4126 τ”ἀλλοις,
659 4043 836 4134 ςρατιώτας
860 4038 1051 4133 τρισμυρίους
1069 4038 1120 4105 καὶ
1137 4064 1250 4106 πεντα-

172 4151 349 4240 κισχιλίους·
377 4156 441 4227 τοῖς
466 4141 496 4213 δ’
522 4138 705 4241 Ᾰρόέρνοις,
730 4148 782 4215 καὶ
804 4152 868 4224 τοῖς
890 4132 1087 4237 Ελευτέροις,
1111 4144 1161 4212 καὶ
1188 4152 1257 4225 τοῖς,

1026 4274 1093 4361 34²
