3000 5025
300 441 372 513 160
506 444 534 509 J.
563 441 728 511 CELSI
756 436 1176 509 commentatam

294 583 367 648 seio
386 590 509 647 tomen
527 598 652 669 ,quom
665 597 833 643 accurare
860 589 1014 642 morinos
1030 624 1033 630 ·
1047 597 1111 642 nec
1146 598 1375 669 responnnos

295 685 366 757 leva
386 698 447 751 est.
462 681 544 753 ,Sed
559 704 734 776 utinquam
761 694 897 761 tontum
917 704 1004 748 unns
1016 685 1062 747 -in
1075 682 1211 775 populo
1230 700 1371 779 potest,

294 796 378 885 quin
390 792 475 885 plin
491 794 610 884 possit
624 791 784 857 universo
796 785 991 874 stabilitas,
1014 792 1049 853 si
1070 787 1123 855 nd
1145 789 1294 857 salntem
1307 815 1376 885 pu·

296 896 422 966 blicam
446 894 632 983 bonafide
653 892 845 963 concordet.
871 894 952 988 Ego
978 907 1093 961 mitem
1116 916 1187 962 non
1214 902 1376 965 omittam

297 1028 432 1085 rnorem¹
447 1026 564 1074 meum.
579 1006 615 1077 in
638 1000 758 1087 oobis;
769 1023 922 1096 parcam
941 1002 1001 1070 oei
1015 999 1190 1093 indigam
1204 1025 1275 1070 non
1289 1002 1381 1097 qnid

296 1110 520 1195 oosdecent,
542 1112 731 1203 aspiciens,
756 1106 822 1187 sed
840 1105 929 1201 qnid
944 1131 1027 1175 me:
1045 1114 1313 1200 nos-peccastis,
1341 1124 1380 1177 et

297 1238 362 1297 vos
385 1215 485 1292 nobis
498 1237 645 1311 poenam
664 1218 864 1307 irrogastis,
886 1236 959 1306 quo
981 1228 1159 1281 comenms
1172 1216 1282 1283 annm
1303 1240 1379 1284 non

297 1329 482 1417 imponam.
491 1319 784 1407 Datisobsidibus,
792 1344 859 1412 pax
869 1320 1040 1406 convenit3
1054 1333 1176 1388 seeutae
1185 1320 1379 1415 exemplum

298 1430 399 1497 urbes
422 1426 555 1521 reliquae
577 1450 650 1520 quae
675 1450 753 1495 cum
773 1424 848 1494 illis,
863 1424 1142 1517 conjuraverant,
1167 1440 1201 1494 et
1225 1441 1379 1520 petentes

300 1534 440 1605 similem
464 1533 692 1619 clementiam,
708 1534 917 1601 invenerunt.

353 1644 427 1711 Jam
450 1640 541 1735 quod
562 1639 605 1707 ad
629 1638 781 1733 publicos
803 1637 964 1705 attinebat
990 1651 1101 1707 motus
1122 1662 1315 1733 compressa
1343 1656 1380 1709 et

233 1820 246 1835 y·
300 1762 420 1843 pacata
434 1749 546 1819 omnia
564 1745 780 1832 videbantur,
799 1758 919 1838 praeter
932 1744 1105 1833 Treviros,
1120 1769 1292 1839 nunquam
1312 1748 1379 1816 nisi

301 1855 454 1951 pervim
479 1844 642 1946 imperata
668 1850 840 1937 facturos,
860 1874 902 1918 eo
924 1850 1110 1919 Labienum
1139 1871 1219 1919 oum
1245 1852 1381 1923 duabus

302 1960 488 2055 legionibus
510 1957 719 2052 dirigendum
744 1958 867 2025 statuit.
895 1958 1098 2050 supererant
1120 1972 1252 2047 tamon,
1275 1973 1314 2027 ut
1338 1984 1382 2029 ex

303 2068 432 2161 magnis
460 2064 711 2161 aegritudinibus
733 2061 993 2133 solent·dolores
1015 2061 1116 2157 aliqui
1131 2064 1382 2155 membrorum,

303 2174 360 2247 sic..
370 2198 411 2241 ex
427 2171 583 2265 gravibus
596 2168 689 2239 bellis
703 2170 910 2263 privatorum
921 2168 1097 2238 hominum
1112 2170 1295 2265 singulares
1308 2197 1383 2241 mo·

305 2294 359 2347 tus
371 2304 411 2347 ex
429 2278 493 2349 hae
512 2291 569 2345 aut
587 2275 643 2351 illa
651 2276 734 2344 urbe
750 2277 968 2370 migrantium
985 2276 1143 2370 sedesque
1160 2280 1383 2368 mutantium,

305 2384 431 2453 nullam
456 2383 555 2463 aliam
573 2383 618 2453 ob
641 2406 794 2469 causum,
811 2406 913 2475 quam
938 2397 977 2451 ut
999 2407 1175 2452 romanum
1201 2385 1382 2479 imperium

304 2488 546 2578 dementatam,
569 2490 623 2568 eui
637 2513 699 2559 nec
712 2489 846 2559 obstare
863 2503 1032 2584 poterant,
1047 2515 1116 2560 nec
1133 2491 1385 2587 subjicidigna·

272 2632 277 2642 ⁴
305 2597 437 2680 bantur.
457 2596 760 2693 Fugare'rnedium
773 2597 861 2664 inter
883 2595 1095 2666 difficultates
1111 2597 1289 2693 elegerant
1309 2588 1384 2670 Hos

306 2719 417 2774 motus
435 2729 542 2798 neque
564 2705 741 2800 comprimi
758 2727 882 2797 magno
891 2728 979 2797 opus
996 2718 1177 2798 apparatu,
1187 2729 1296 2798 neque
1308 2731 1385 2776 om-

105 2821 108 2830 ’
226 2907 227 2910 ¹
308 2811 388 2881 nino
408 2809 531 2906 negligi
545 2809 720 2880 consilium
732 2826 819 2896 erat3
833 2810 1054 2903 quamobrem
1068 2810 1216 2880 dividere
1234 2811 1387 2907 legiones

307 2918 370 2988 sub
388 2916 503 3012 legatis
522 2942 582 3012 per
602 2931 750 2990 extrema
772 2915 959 2986 Galliarum
984 2918 1115 3004 statuit,
1132 2918 1254 3011 quibus
1277 2933 1312 2988 et
1331 2919 1385 2989 fu·

309 3047 385 3118 gam
404 3023 593 3118 rebellium,
609 3039 643 3093 et
661 3024 797 3116 injurias
815 3018 963 3096 fidelium
981 3023 1157 3099 inhiberet
1176 3025 1255 3112 Quo
1273 3024 1386 3116 facto,

308 3132 380 3224 ipse
402 3129 536 3223 quidem
555 3130 598 3201 ad
615 3129 793 3199 vastandos
815 3131 866 3198 sui
884 3130 1013 3224 antiqui
1037 3130 1142 3200 hostis
1163 3131 1384 3226 Anibiorigis,

308 3237 506 3306 Eburonum
525 3238 631 3332 regis,
649 3237 732 3313 fines
754 3236 1005 3331 proficiscitur:
1027 3259 1126 3330 quern
1147 3261 1256 3332 noque
1279 3241 1384 3310 armis

309 3344 461 3431 vincere,
479 3367 609 3439 semper
622 3343 735 3438 praelio
749 3343 989 3429 abstinentem,
1002 3366 1111 3438 neque
1125 3369 1226 3414 cursu
1237 3349 1385 3440 assequi,

311 3473 397 3543 saepe
423 3449 688 3546 fugapraecipiti
713 3449 775 3520 sibi
805 3447 959 3542 elapsum
986 3473 1146 3544 sperans,
1174 3452 1385 3522 existimabat

310 3557 465 3626 vastitate
488 3556 606 3626 finium
638 3581 676 3625 ac
703 3556 827 3653 damno
852 3556 901 3623 sio
925 3557 1077 3651 invisum
1098 3559 1225 3651 patriae·
1242 3582 1311 3627 suae
1336 3559 1384 3628 fa·

310 3685 399 3747 cere,
423 3677 461 3731 ut
493 3687 656 3732 consensu
683 3662 807 3736 civitam
829 3661 907 3760 belli
929 3679 1053 3748 auctor,
1068 3677 1231 3758 perpetuo
1256 3663 1384 3758 plecte·

310 3783 403 3837 retur
420 3768 532 3858 exilio,
554 3785 587 3838 et
606 3771 676 3863 ipse
686 3768 820 3868 intqrim
831 3767 1013 3840 velaminis
1030 3794 1147 3864 opem,
1161 3769 1214 3839 vel
1231 3770 1385 3840 hostibus

214 3869 216 3876 '
309 3889 436 3969 pestem
454 3875 598 3969 aliquam
616 3876 831 3968 importaret:
848 3879 953 3970 copiis
964 3879 1077 3970 itaque
1088 3876 1234 3965 diffusis,
1251 3892 1383 3950 unum·

310 4007 375 4074 que
393 3983 505 4052 votive
526 3981 662 4069 accidit3
674 4006 755 4053 nam
771 3997 806 4050 et
816 3982 907 4075 linos¹
918 3983 1139 4078 Ambiorigis,
1152 3982 1264 4053 multis
1275 3986 1383 4078 captis

312 4090 467 4183 caesisque
492 4088 706 4178 mortalibus,
730 4088 820 4168 ituro
845 4104 945 4188 atique
961 4091 1052 4184 ,igne
1078 4092 1237 4179 vastavit,
1261 4105 1297 4159 et
1322 4114 1384 4186 per
