3000 5025
315 509 387 582 502
603 513 643 580 C.
671 513 690 578 J
698 513 819 580 ULII
846 511 1086 580 CAESARIS
1168 498 1171 502 ⁵

311 648 395 739 ἐργον
422 645 592 738 ταχθῆναι,
609 643 694 724 εὐθὺς
715 643 744 710 οἱ
771 644 826 733 μὲν
851 648 915 721 τοῖς
937 637 1048 721 ἐξιοῦσι
1073 652 1136 712 τῶν
1154 645 1305 737 πολεμίων
1326 649 1374 715 ἀν-

311 759 422 843 τεῖχον·
441 751 470 820 οἱ
492 742 527 817 δὲ
548 753 621 830 τοὺς
641 755 775 847 πύργους
794 751 932 844 ἀπῆγον,
952 752 1004 818 καὶ
1018 752 1056 819 τὸ
1069 761 1162 844 χῶμα
1179 754 1374 846 περιέτεμνον·

310 864 370 934 τοῖς
385 849 420 924 δὲ
434 867 451 927 ὁ
465 869 522 927 τοῦ
536 849 733 952 ςρατοπέδου
753 859 844 948 όχλος
866 858 941 950 πρὸς
956 860 994 926 τὸ
1014 869 1073 951 πῦρ
1092 853 1248 934 ἐύούθουν.

365 966 478 1035 XXV.
494 967 695 1057 Πανταχόθεν
714 957 768 1046 δὲ,
786 973 844 1030 τοῦ
857 964 1027 1033 ὑπολοίπου
1044 976 1100 1044 τῆς
1113 969 1223 1043 νυκτὸς
1238 958 1299 1040 ἤδη
1314 960 1377 1044 ἐξα·

311 1071 516 1156 ναλωθέντος,
535 1072 661 1141 πάντων
681 1073 882 1165 μαχομένων,
897 1071 949 1139 καὶ
970 1079 1036 1150 τοῖς
1055 1074 1185 1150 Γάλλους
1202 1072 1250 1140 ἀεὶ
1264 1065 1378 1150 ἐλπίδος

312 1189 368 1255 τῆς
385 1179 468 1258 νίκης
494 1182 633 1261 ἐνούσης,
650 1184 698 1246 ὅτι
722 1170 841 1273 τεὶἤδη
866 1179 908 1247 τὰ
927 1187 990 1247 τῶν
1005 1181 1128 1274 πύργων
1150 1188 1215 1247 τῶν
1238 1164 1378 1272 Ρωμαίων

314 1287 391 1379 ςέγη
414 1286 578 1368 καυθῆναι,
593 1288 663 1354 ούτε
687 1279 799 1379 ῥᾳδίως
818 1276 965 1354 δύνασθαι
983 1291 1116 1380 γυμνοὺς
1139 1288 1213 1366 τοὺς
1231 1272 1379 1379 Ῥωμαίους

314 1388 513 1485 προσύοηθεῒν
528 1393 707 1481 κατενόουν,
721 1391 773 1460 καὶ
786 1391 887 1483 σφίσιν
902 1395 964 1478 ἀεὶ,
978 1393 1074 1461 ὁπότε
1088 1419 1136 1472 τις
1155 1389 1245 1484 τάξις
1264 1393 1381 1486 κάμνοι,

315 1495 393 1572 άλλη
418 1500 545 1592 ἀκεραία
570 1502 604 1567 ἐκ
626 1510 683 1578 τῆς
705 1501 822 1576 πόλεως
853 1504 999 1594 προσῄει,
1028 1503 1078 1566 ότι
1105 1526 1141 1566 τε
1169 1502 1199 1566 ἐν
1221 1491 1322 1594 ταύτῃ
1346 1509 1381 1592 τῇ
1470 1486 1471 1505 ¹

315 1609 379 1698 ὥρα
393 1609 449 1681 τὴν
465 1611 566 1686 πάσης
581 1617 637 1684 τῆς
657 1605 814 1683 Γαλατίας
828 1606 981 1700 σωτηρίαν
995 1606 1111 1675 κεῖσθαι
1124 1601 1284 1699 ἐνόμιζον,
1300 1610 1384 1700 πρᾶγ·
1470 1600 1471 1629 ³

291 1727 295 1733 “
315 1737 360 1801 μα
385 1719 472 1804 ἡμῶν
496 1715 729 1781 κατανοούντων
756 1707 884 1799 συνέύη,
906 1713 923 1780 ὃ
947 1708 1030 1792 ἀξιον
1057 1717 1178 1806 μνύμης
1209 1707 1381 1796 δοκοῦντες,

315 1826 509 1888 καταλειπεῒν
526 1824 582 1887 οὐκ
592 1815 816 1912 η’ύουληθημεν.
825 1818 944 1899 Γάλλος
955 1822 1009 1914 μὲν
1021 1819 1080 1915 γάρ
1093 1847 1140 1898 τις
1149 1821 1211 1913 πρὸ
1226 1831 1284 1899 τῆς
1297 1823 1383 1896 πόλις

315 1935 371 2004 τῆς
391 1927 508 2005 πόλεως
527 1925 603 2010 ςθις,
618 1929 652 1994 ἐκ
669 1928 782 2005 ςέατός
805 1953 840 1992 τε
864 1929 916 1994 καὶ
937 1927 1052 2004 πίττας
1071 1917 1126 1992 διὰ
1138 1935 1250 2021 χειρῶν
1263 1919 1383 2020 παραδι·

316 2023 446 2124 δομένας
480 2038 564 2122 αὐτῷ
588 2033 716 2124 σφαίρας
743 2032 783 2110 είς
809 2035 847 2100 τὸ
874 2043 933 2126 πῦρ
959 2035 1030 2100 κατ’
1042 2033 1177 2100 ἐναντίον
1197 2045 1257 2102 τοῦ
1277 2036 1335 2127 πύρ
1368 2061 1382 2098 υ

315 2135 448 2206 ἐνέύαλε·
463 2142 577 2206 τούτου
598 2129 633 2206 δὲ
652 2134 759 2216 ύέλους
776 2141 858 2217 τινὸς
877 2135 954 2234 ύολῇ
974 2143 1032 2214 τὴν
1051 2130 1155 2217 δεξιὰν
1170 2137 1306 2234 πλευράν
1325 2132 1384 2206 δια·

316 2247 485 2338 παρέντος,
499 2245 551 2313 καὶ
568 2255 674 2338 νεκροῦ
692 2247 776 2323 εὐθὺς
798 2247 966 2330 πεσόντος,
986 2249 1097 2313 ἐκεῖνον
1115 2242 1156 2324 εἷς
1175 2257 1241 2313 τῶν
1260 2273 1383 2340 παριςα·

319 2356 414 2447 μένων
437 2344 617 2435 διεδέξατο,
630 2353 682 2418 καὶ
700 2354 799 2420 ταυτὸ
819 2362 934 2437 ποιῶν,
947 2352 1060 2446 ὁμοίως
1077 2361 1125 2440 τῷ
1139 2356 1302 2447 προτέρῳ,
1313 2348 1384 2419 ύελει

318 2458 512 2533 ἀποθνήσκει·
540 2462 623 2551 ὅμως
653 2451 688 2527 δὲ
715 2470 829 2527 τοῦτον
856 2456 948 2539 ἀλλος
976 2459 1098 2553 τρίτος,
1121 2460 1173 2527 καὶ
1200 2463 1257 2529 τὸν
1290 2459 1383 2554 τρίτον

318 2571 469 2659 τέταρτος
490 2558 670 2650 διεδέξατο,
685 2569 757 2634 ούτε
773 2566 901 2660 πρόσθεν
923 2567 1096 2661 ἀπομάχων
1114 2566 1205 2645 οὗτος
1223 2565 1385 2663 ἐγκατελεί-

319 2675 379 2764 φθη
402 2679 418 2739 ὁ
442 2672 554 2754 τόπος,
575 2672 686 2766 πρὶνῆ
713 2668 955 2751 ἀποσύεσθέντος
984 2686 1042 2743 τοῦ
1064 2676 1177 2767 πυρὸς,
1200 2674 1255 2741 καὶ
1272 2674 1385 2741 πάντων
1415 2723 1419 2730 ,

319 2790 381 2849 τῶν
396 2782 498 2872 ταύτῃ
519 2782 615 2847 όντων
638 2780 793 2873 πολεμίων
811 2780 1064 2866 ἡττηθέντων,ἡ
1084 2780 1170 2873 μάχη
1186 2775 1305 2859 ἔληξεν.

373 2888 502 2955 XXVI.
527 2887 660 2953 Πάντων
687 2888 740 2979 μὲν
773 2883 824 2955 οὖν
851 2886 1043 2981 πειραθέντες
1069 2887 1098 2955 οἱ
1127 2887 1267 2971 Γάλλοι,
1292 2876 1384 2958 ἐπειδὴ

321 2984 416 3087 μηδὲν
438 2997 541 3070 αὐτοῖς
565 2996 754 3085 προύχώρει,
779 3004 819 3087 τῇ
840 2994 969 3085 ὑςεραίᾳ
990 2998 1024 3062 ἐκ
1044 3005 1100 3071 τῆς
1119 2994 1239 3072 πόλεως
1262 2996 1386 3088 φεύγειν,

324 3108 543 3193 παραινοῦντος
566 3109 686 3183 ταῦτα,
704 3100 756 3167 καὶ
776 3102 952 3177 κελεύοντος
967 3105 1063 3168 αὐτοῦ
1082 3109 1140 3167 τοῦ
1158 3101 1386 3196 Βερκιγγετόρυ·

322 3234 391 3302 γος,
410 3202 647 3292 ἐύουλεύσαντο,
662 3218 756 3275 τοῦτο
772 3212 807 3274 οὐ
825 3209 879 3274 σὺν
893 3214 995 3300 πολλῇ
1014 3202 1115 3300 βλάύῃ
1135 3210 1171 3274 ἐκ
1187 3210 1300 3285 νυκτὸς
1312 3202 1388 3272 ελπί-

322 3310 425 3393 ζοντες
446 3307 663 3406 καταπράξειν·
689 3316 755 3406 ἀμα
773 3315 846 3406 μὲν,
871 3318 922 3381 ὅτι
946 3318 981 3381 ού
1002 3317 1081 3382 πολὺ
1107 3314 1170 3381 ἀπὸ
1196 3324 1255 3392 τῆς
1281 3312 1387 3386 πολευς

323 3422 361 3488 τὸ
389 3429 446 3487 τοῦ
474 3420 748 3516 Βερκιγγετύρυγος
778 3413 973 3514 ςρατόπεδον
1007 3419 1142 3514 ἀπεῖχεν·
1169 3421 1237 3513 ἅμα
1265 3413 1319 3502 δὲ,
1345 3420 1387 3484 ὅτι

323 3532 392 3605 ἕλος
410 3518 587 3610 δύσύατον,
604 3523 720 3619 μεταξύ
740 3554 776 3594 τε
794 3535 878 3618 σφῶν
895 3527 947 3594 καὶ
965 3537 1027 3594 τῶν
1047 3513 1199 3620 Ρωμαίων
1220 3527 1306 3607 ἐνὸν,
1319 3521 1386 3591 ἐκεί·

323 3660 391 3711 νους
414 3643 472 3700 τοῦ
494 3625 633 3727 διωγμοῦ
654 3636 839 3701 ἀπεκώλυεν·
861 3625 925 3709 ἤδη
943 3626 978 3701 δέ
1002 3644 1106 3702 ταῦτα
1124 3624 1327 3726 διαπράττειν
1339 3638 1387 3703 τῆς

324 3741 432 3819 νυκτὸς
460 3744 560 3807 αὐτῶν
589 3742 842 3835 ἐπιχειρούντων,
865 3742 898 3809 αἱ
923 3749 1061 3835 γυναῖκες
1090 3738 1253 3807 κλαίουσαι
1279 3738 1318 3815 εἰς
1341 3736 1386 3801 τὸν
1470 3827 1471 3848 ρ

326 3848 417 3937 ὄχλον
438 3847 522 3925 εὐθὺς
541 3846 715 3933 εἰσέπεσον,
729 3848 850 3925 πάντας
877 3852 941 3933 ὅτῳ
961 3845 1173 3943 ἐντυγχάνοιεν
1196 3847 1385 3920 ἱκετεύουσαι,
1470 3871 1471 3918 η

326 3956 368 4045 μὴ
389 3951 505 4047 φεύγειν
526 3955 757 4033 καταλιπόντας
773 3953 889 4039 αὐτὰς,
902 3955 972 4021 ἀλλ’
985 3957 1108 4047 ἀμύνειν
1127 3954 1179 4020 καὶ
1197 3955 1330 4031 τέκνοις,
1342 3944 1386 4013 καὶ

325 4064 464 4145 ἑαυταῖς,
483 4052 536 4127 διὰ
556 4064 612 4136 τὴν
633 4061 786 4129 ἀσθένειαν
802 4071 859 4139 τῆς
873 4063 989 4152 φύσεως
1008 4062 1126 4155 φεύγειν
1146 4062 1189 4152 μὴ
1209 4051 1384 4150 δυναμένα·

323 4152 443 4241 Επειδὴ
469 4158 504 4233 δὲ
529 4160 617 4238 οὐδὲν
645 4166 741 4242 ἧττον
761 4172 790 4235 ἐν
816 4177 856 4262 τῇ
874 4176 957 4259 σφῶν
976 4169 1114 4261 προτέρᾳ
1130 4170 1236 4262 γνύμγ
1260 4163 1383 4257 ἐμμένειν
