3000 5025
310 448 382 520 382
600 447 638 515 C.
666 446 814 515 JULII
842 446 1087 517 CAESARls

308 582 359 651 καὶ
382 582 453 659 τοὺς
474 578 658 673 προσωτέρω
683 576 733 645 ἐπὶ
747 580 793 670 τὸ
816 587 910 670 χῶμα
934 579 1181 672 προεληλυθότας
1204 582 1391 672 ςροιτιόιτας

311 690 482 757 ἀνακαλεῖν·
498 677 561 753 ἔδει
576 674 610 751 δὲ
625 683 676 751 καὶ
690 684 745 767 τό,
760 710 794 751 τε
812 684 974 777 ςράτευμα
990 685 1222 778 παρατάττειν,
1241 685 1295 754 καὶ
1315 696 1392 764 τοὺς

311 797 488 889 ςρατιώτας
511 785 676 884 ἐξοτρύνειν
702 790 751 857 ἐπὶ
772 793 828 865 τὴν
847 783 994 876 σύνοδον,
1014 791 1067 859 καὶ
1088 793 1125 859 τθ
1149 792 1290 885 σύνθημα
1312 795 1393 886 πρὸς

311 904 435 979 τούτοις
459 903 562 975 αὐτοῖς
584 888 715 963 διδόναι·
738 894 778 963 ὧν
792 896 917 965 πάντων
932 902 988 972 ἥτε
1006 907 1064 965 τοῖ
1075 899 1186 992 χρόνου
1205 894 1394 992 όραχύτης,

311 1007 363 1077 καὶ
376 1014 394 1082 ἡ
412 1016 472 1074 τῶν
486 1001 638 1095 πολεμίων
652 995 723 1071 ἐπιδ
726 1006 803 1096 ρομὴ
818 1005 855 1071 τὸ
867 1010 992 1082 πλεῖςον
1005 1007 1143 1071 ἐκώλυεν·
1160 1004 1242 1073 ἀλλὰ
1255 1008 1393 1083 ταύταις

313 1121 381 1191 ταῖς
395 1106 571 1188 δυσκολίαις
588 1109 701 1186 πάσαις
720 1100 777 1177 δύο
797 1111 889 1202 μόνον
912 1121 1016 1195 ταῦτα
1029 1106 1172 1186 ἐόοῆθουν
1183 1164 1193 1196 ,
1206 1117 1264 1186 ἤτε
1279 1115 1394 1205 ἐμπει-

315 1221 383 1314 ρία,
396 1218 448 1287 καὶ
472 1225 490 1292 ἡ
517 1219 652 1309 ἐπιςόμη
677 1223 738 1281 τῶν
770 1224 965 1308 ςρατιωτῶν.
988 1217 1088 1285 Αὐτοὶ
1108 1219 1162 1311 μὲν
1184 1216 1244 1311 γὰρ
1266 1222 1305 1286 ἐκ
1331 1227 1393 1301 τῶν

314 1326 442 1421 πρόσθεν
462 1331 568 1416 μαχῶν
591 1322 771 1415 εἰθισμένοι,
793 1314 881 1389 οὐδὲν
902 1320 997 1397 ἦττον
1019 1323 1119 1414 σφίσιν
1141 1320 1303 1410 αιἰτοῑς,ἂ
1328 1317 1395 1393 δέοι

314 1439 410 1501 ποιεῖν
438 1426 682 1524 προςάττειν,ἢ
707 1430 760 1495 ὑπ’
788 1424 888 1495 ἄλλων
917 1421 1120 1497 διδάσκεσθαι
1142 1424 1270 1524 ᾔδεσαν.
1295 1432 1341 1498 Οἱ
1362 1422 1392 1497 δ’

316 1535 528 1631 ὑποςρατηγοὶ
540 1530 660 1619 (αὐτοῖς
672 1531 729 1628 γὰρ
745 1540 762 1601 ό
775 1537 913 1629 Καῖσαρ,
925 1540 969 1628 μὴ
982 1536 1111 1629 πρόσθεν
1126 1539 1179 1628 ἀφ’
1191 1534 1317 1617 ἑκάςων
1331 1548 1392 1606 τῶν

316 1646 376 1713 ὑπὸ
395 1642 479 1735 σρίσι
501 1642 671 1737 ταγμάτων
695 1640 852 1725 ἀπελθεῖν,
868 1641 969 1736 πρὶνῆ
989 1645 1027 1710 τὸ
1048 1636 1244 1737 ςρατόπεδον
1266 1650 1394 1714 τετελε-

318 1753 426 1845 σμένον
446 1746 559 1843 ὁρῷεν)
573 1752 628 1823 τόν
647 1772 682 1815 τε
698 1757 755 1815 τοῦ
772 1748 883 1840 χρόνου
899 1750 1104 1841 βραχύτητα,
1117 1750 1169 1817 καὶ
1182 1755 1239 1826 τὴν
1253 1762 1320 1819 τῶν
1335 1777 1392 1819 πο·

313 1856 426 1950 λεμίων
442 1856 641 1930 πλησιότητα
653 1846 792 1937 ἰδόντες,
805 1858 861 1923 οθκ
874 1857 920 1922 ἔτι
939 1858 996 1931 τὴν
1015 1867 1072 1923 τοῦ
1089 1857 1245 1952 Καίσαρος
1267 1885 1391 1952 παραγ·

317 1963 420 2061 γιλίαν
443 1963 497 2029 ἀν’
521 1988 585 2029 ενον
597 2012 607 2044 ,
621 1962 689 2029 ἀλλ’
704 1960 795 2028 αὐτοὶ
808 1952 850 2027 δι’
863 1966 997 2046 ἑαυτῶν,
1010 1959 1031 2029 ἀ
1045 1954 1166 2048 θδόκει,
1179 1966 1353 2059 ἔπραττον.

371 2072 466 2143 XXI.
482 1989 569 2135 ιύδδὲ
583 2070 704 2159 Καῖσαρ
723 2067 829 2134 πάντα
851 2064 894 2135 τὰ
912 2068 1139 2163 ἀναγκαιότερα
1154 2076 1391 2167 παρεγγυήσας,

318 2178 393 2271 πρὸς
417 2176 470 2269 μὲν
491 2176 563 2253 τοὺς
587 2174 801 2267 στρατιώτας,
817 2167 983 2268 ἐξοτρύνειν
1007 2179 1094 2245 ἕνεκα
1113 2179 1246 2263 αὐτοὺς,
1260 2181 1315 2247 ἐπὶ
1335 2181 1390 2253 τὴν

319 2274 462 2366 σύνοδον,
480 2278 500 2374 γ’,
515 2280 608 2348 αὐτὸν
626 2286 645 2355 ἡ
666 2281 745 2370 τύχη
767 2276 859 2375 ἦγεν,
873 2282 1001 2357 ἀπῆλθε·
1023 2283 1076 2351 καὶ
1096 2286 1171 2376 πρὸς
1195 2286 1233 2351 τὸ
1257 2277 1390 2353 δέκατον

318 2389 427 2484 τάγμα
440 2387 634 2478 παρεγένετο·
654 2392 718 2469 τοῖς
739 2408 775 2453 τε
792 2391 999 2481 στρατιώταις
1013 2392 1047 2456 ού
1062 2395 1188 2475 πλεῖον,
1203 2388 1295 2471 θτῆς
1310 2399 1389 2483 σφῶν

318 2498 453 2576 παλαιοῖς
471 2494 580 2588 ἀρετῆς
602 2492 790 2587 μεμνῆσθαι,
808 2497 889 2588 μήτε
912 2494 1141 2590 ταράττεσθαι,
1155 2496 1236 2566 ἀλλὰ
1258 2499 1390 2594 θρασέως

320 2604 393 2682 τοὺς
408 2600 572 2695 πολεμίους
588 2592 746 2692 δέχεσθαι,
764 2603 1082 2696 παρακελευσάμενος,
1095 2605 1186 2699 ᾔρετο
1206 2607 1245 2672 τὸ
1266 2612 1387 2699 σημεῖον

321 2721 376 2788 τῆς
397 2709 554 2802 μάχηςθς
576 2697 628 2802 μὲν
647 2705 704 2802 γὰρ
725 2707 866 2776 ἀκοντίου
881 2704 974 2785 όολὴν
993 2703 1055 2785 ἤδη
1071 2711 1227 2804 οἰρίκουτοι
1242 2715 1322 2807 πρὸς
1335 2709 1388 2780 ἀλ·

318 2825 391 2896 λους
412 2808 447 2882 δὲ
469 2815 521 2882 καὶ
538 2818 632 2881 αὐτοῦ
648 2817 762 2884 τούτου
777 2818 864 2882 ἕνεκα
875 2816 1013 2884 ἀπελθὼν
1025 2869 1034 2900 ,
1048 2821 1153 2895 αὐτοῖς
1173 2811 1235 2893 ἤδη
1251 2821 1389 2912 μαχομέ-

244 2949 252 2958 ·
320 2950 381 3000 νοις
399 2923 532 3013 ἐνέτυχε.
553 2923 698 2994 Τοσαύτη
719 2931 881 3016 τοιγαροῦν
901 2929 920 2998 ἡ
943 2933 999 2990 τοῦ
1018 2924 1128 3017 χρόνον
1153 2950 1189 2992 τε
1211 2927 1388 3018 βραχύτης,

321 3029 373 3098 καὶ
384 3035 401 3096 θ
413 3039 474 3097 τῶν
486 3025 639 3119 πολεμίων
654 3027 747 3119 θυμὸς
757 3031 855 3106 οὕτως
870 3028 910 3107 εἰς
924 3031 980 3103 τὴν
993 3029 1095 3122 μάχην
1109 3035 1388 3125 παρεσκευασμένα

321 3138 461 3232 ἐγένετο,
477 3137 552 3200 ὥστ’
564 3133 593 3200 οἱ
609 3118 746 3226 Ρωμαῖοι
762 3138 796 3201 οὐ
812 3136 904 3227 μόνον
923 3146 979 3205 τοῦ
993 3135 1039 3227 τὰ,
1050 3146 1161 3230 σημεῖα
1174 3149 1311 3221 στῆσαι,
1322 3138 1386 3205 αλλ’

321 3235 468 3312 οὐδὲτοῦ
491 3239 547 3319 τάς
568 3265 603 3307 τε
628 3241 862 3334 περικεφαλαίας
887 3234 1060 3327 ἐνδύεσθαι,
1083 3239 1196 3335 σ’χολήν
1219 3249 1277 3312 οὐκ
1298 3242 1385 3337 εἶχον·

324 3352 397 3443 πρὸς
410 3347 445 3422 ἢν
461 3338 496 3414 δὲ
508 3349 610 3440 χώραν
625 3347 687 3414 ἀπὸ
702 3358 759 3414 τοῦ
772 3350 861 3441 ἔργου
875 3351 984 3428 ἕκαςος
1000 3353 1164 3441 συνέτυχε,
1176 3351 1227 3418 καὶ
1242 3349 1263 3417 ἃ
1280 3358 1386 3444 σημεῖα

321 3463 432 3551 πρῶτα
452 3454 633 3537 κατενόησε,
653 3455 728 3546 πρὸς
757 3463 861 3522 ταῦτα
883 3457 1034 3541 συνῆλθε,
1046 3459 1088 3549 μὴ
1113 3459 1142 3524 ἐν
1168 3466 1216 3546 τῷ
1240 3456 1285 3532 τὰ
1308 3467 1386 3549 σφῶν

321 3563 482 3658 ματεύειν,
495 3562 538 3652 μθ
552 3561 712 3652 μάχοιντο.

374 3661 486 3738 XXII.
503 3669 567 3734 Τοῦ
581 3667 635 3759 μὲν
650 3663 700 3734 οὖν
715 3670 931 3761 ςρατεόματος
944 3674 1062 3763 μᾶλλον
1080 3677 1121 3749 ὡς
1138 3675 1194 3745 ἥτε
1212 3682 1270 3739 τοῦ
1292 3671 1386 3739 τόπου

322 3780 426 3869 φύσις,
439 3773 490 3840 καὶ
512 3774 550 3840 τὸ
574 3782 630 3840 τοῖ
652 3774 739 3866 ὅρους
760 3774 998 3859 κάταντες,ἥτε
1016 3787 1073 3844 τοῦ
1089 3778 1199 3870 χρόνου
1216 3775 1384 3872 ἀνάγκη,ῖι

322 3891 362 3962 ὡς
377 3887 412 3966 ὅ,
426 3906 461 3948 τε
475 3881 607 3972 τρόπος,
621 3879 672 3946 καὶ
685 3887 704 3955 ἡ
719 3882 861 3956 συνήθεια
876 3893 934 3950 τοιῖ
946 3884 1082 3975 πολέμου
1095 3885 1182 3978 ᾔτει,
1196 3909 1386 3978 παρατεταγ·

322 3993 412 4083 μάνου
423 4039 433 4071 ,
445 3997 506 4056 τῶν
525 4013 560 4054 τε
575 3985 744 4081 ταγμάτων
757 3995 883 4066 πολλοῖς
901 3979 1008 4068 τόποις
1025 3986 1126 4060 ἀλλων
1148 3987 1227 4086 άλλῃ
1248 3999 1312 4070 τοῖς
1328 4017 1386 4060 πσ-

260 4075 274 4154 ⁴.
319 4096 435 4187 λεμίοις
461 4093 689 4187 ἀνθιςαμένων,
710 4095 763 4162 καὶ
786 4091 1004 4188 αἰμασιῶν(ὡς
1030 4098 1084 4168 καὶ
1103 4090 1166 4172 ἤδη
1191 4089 1385 4179 δεδηλωται)
