3000 5025
432 463 470 534 C.
498 458 688 533 11]st
715 460 910 535 CAESAR.
1129 463 1203 539 285

136 596 171 662 τὸ
191 601 279 688 σῶμα
300 602 435 690 φρουρῶν
450 588 641 665 δυσάλωτον.
657 582 817 690 Εκοιμοῖτο
840 600 894 691 μέν
912 623 947 693 γε
965 598 1037 677 τοὺς
1059 598 1206 683 πλεῖς-ους

136 701 472 796 θπνουςένόχνίμασιν,ἢ
482 698 782 797 φορείοιςζείςπράξιν
793 708 851 780 την
860 704 1029 774 ἀνάπαυσιν
1038 708 1207 775 κατατιθέ·

133 832 227 898 μενος·
240 815 352 901 ὠχεῖτο
369 802 404 877 δὲ
418 809 482 899 μεθ’
493 812 606 903 ἡμέραν
628 809 678 879 ἐπὶ
691 808 734 877 τά
751 813 879 903 φρούρια
892 809 943 878 καὶ
956 809 1014 890 τὰς
1034 813 1138 891 πόλεις
1151 814 1206 881 καὶ

24 976 25 981 ,
130 914 200 991 τοὺς
212 914 368 1008 χάρακας,
380 917 444 994 ἑνὸς
459 919 545 1002 αὐτῷ
558 916 787 1010 συγκαθημένου
801 908 929 1000 παιδὸς,
942 924 1005 984 τῶν
1019 919 1204 1013 ὑπογράφειν

23 1056 25 1109 ,³
131 1019 194 1111 ἅμα
208 1012 375 1100 διώκοντος
386 1022 573 1114 εἰθισμένων,
584 1023 648 1099 ἑνὸς
663 1014 693 1088 δ’
707 1016 861 1101 ἐξόπισθεν
875 1024 1061 1114 ἐφεςηκύτος
1075 1029 1206 1117 ςρατιύ-

130 1150 202 1210 του,
212 1121 323 1218 ξίφοςῖ
342 1154 440 1206 οντος.
452 1129 607 1207 Συντύνως
617 1120 647 1195 δ’
656 1129 783 1202 ἤλαυνεν
793 1133 996 1213 ούτως,ῶστε
1010 1132 1067 1203 τὴν
1077 1135 1202 1224 πρώτην

128 1224 231 1309 ἔξοδον
246 1154 439 1326 ἀπὸχθώμης
462 1233 686 1325 ποιησάμενος,
700 1231 842 1331 ὀγδοαῖος
856 1235 907 1303 ἐπὶ
925 1237 978 1303 τὸν
1000 1220 1137 1303 Ῥοδανὸν
1152 1240 1203 1304 ελ-

128 1337 194 1405 θεῖν.
210 1342 258 1405 Τὸ
277 1342 331 1433 μὲν
350 1338 400 1408 οὖν
416 1341 550 1409 ἱππεύειν
570 1343 605 1407 ἐκ
621 1332 733 1419 παιδὸς
747 1340 783 1415 ἦν
800 1347 884 1429 αὐτῷ
898 1334 1014 1435 ῥᾴδιον·
1033 1341 1130 1420 είθιςο
1144 1342 1203 1439 γὰρ

128 1443 166 1522 είς
190 1446 333 1515 τούπίσω
355 1445 412 1525 τὰς
436 1454 539 1539 χεῖρας
560 1445 707 1540 ἀπάγων,
724 1447 777 1515 καὶ
803 1456 850 1534 τῷ
875 1451 965 1535 νώτῳ
990 1450 1203 1541 περιπλέκων,

19 1528 22 1617 :'
127 1549 184 1617 ἀνὰ
197 1552 314 1646 κράτος
327 1556 458 1621 ελαύνειν
472 1553 526 1619 τὸν
540 1554 646 1621 ἵππον.
660 1540 703 1620 Εν
727 1553 822 1648 ἐκείνῃ
838 1546 873 1620 δὲ
891 1564 932 1647 τῇ
950 1554 1080 1646 ςρατείορ
1093 1582 1203 1648 προσε-

18 1676 21 1753 f
127 1650 275 1734 ξέσκησεν
300 1646 509 1752 ἱππαζόμενος
534 1658 592 1737 τάς
621 1657 767 1738 ἐπιςολάς
797 1661 1018 1754 ὑπαγορεύειν,
1039 1661 1090 1727 καὶ
1117 1653 1203 1731 δυσὶν

18 1802 20 1863 3
126 1768 201 1856 θροῶ
215 1765 384 1859 γράφουσιν
399 1761 542 1859 ἐξαρκεῖν·
558 1770 597 1842 ὡς
613 1756 643 1831 δ’
656 1744 780 1843 ὀππιός
795 1790 884 1857 φησι,
897 1765 949 1833 καὶ
962 1764 1091 1833 πλείοσι.
1106 1770 1203 1863 Λέγε-

126 1895 177 1937 ται
193 1863 230 1939 δὲ
244 1872 298 1939 καὶ
311 1874 350 1939 τὸ
365 1864 623 1965 διαγραμμάτων
643 1879 707 1951 τοῖς
721 1871 819 1964 φίλοις
833 1878 947 1965 ὁμιλεῖν
961 1872 1105 1964 Καίσαρα
1123 1882 1204 1967 πρῶ-

17 1990 19 2057 ξ
125 2000 177 2043 τον
191 1978 450 2071 μηχανήσασθαι,
463 1980 520 2051 τὴν
534 1975 618 2045 κατὰ
630 1979 795 2070 πρόσωπον
809 1972 940 2056 ἔντευξιν
954 1979 1029 2071 ὑπὲρ
1039 1987 1101 2046 τῶν
1120 1983 1203 2048 ἐπει-

16 2142 18 2161 ,
123 2084 260 2177 γύνςων,
275 2094 331 2153 τοῦ
345 2094 450 2177 καιροῦ
474 2075 528 2151 διά
541 2110 576 2150 τε
590 2084 705 2163 πλῆθος
726 2084 878 2176 ἀσχολιῶν
892 2082 943 2151 καὶ
960 2094 1016 2162 τῆς
1033 2085 1150 2163 πολεως
1166 2090 1203 2155 τδ

16 2164 18 2267 ί
112 2191 252 2286 μέγεθος
268 2195 309 2283 μὴ
324 2192 547 2283 περιμένοντος·
563 2192 627 2269 Τῆς
641 2182 677 2256 δὲ
691 2191 760 2283 περὶ
778 2194 835 2265 την
850 2182 973 2258 δίαιταν
994 2190 1131 2270 εὐκολίας
1145 2195 1203 2261 κά·

123 2304 202 2363 κεῖνο
218 2306 380 2365 ποιοῦνται
399 2304 540 2389 σημεῖον,
557 2300 624 2380 ὅτι,
638 2307 695 2365 τοῦ
710 2288 916 2376 δειπνίζοντος
932 2299 1069 2365 αὐτὸν-έν
1083 2290 1203 2367 Μεδιο-
1246 2361 1248 2368 .

15 2434 17 2457 ν
73 2418 75 2425 “
111 2403 211 2490 -λάνῳ
241 2396 344 2487 ξένου,
363 2403 530 2495 Οὐαλερίου
556 2405 706 2487 Λέοντος,
725 2402 914 2496 παραθέντος
932 2404 1134 2498 ἀσπάραγον,
1152 2406 1204 2474 καὶ

124 2513 221 2604 μύρον
237 2510 306 2576 ἀντ’
318 2508 419 2579 ἐλαίου
434 2510 663 2602 καταχέαντος,
678 2511 771 2589 αὐτὸς
793 2510 847 2602 μὲν
868 2511 988 2601 ἀφελῶς
1010 2513 1123 2605 ἔφαγε,
1138 2521 1202 2592 τοῖς

14 2621 16 2698 ξ
124 2607 158 2683 δὲ
183 2615 287 2710 φίλοις
310 2608 554 2710 δυσχεραίνουσιν
578 2595 891 2708 ἐπέπληξενιιίθρκει
915 2614 972 2709 γὰρ
994 2612 1089 2706 (ἔφη)
1103 2620 1139 2708 τὸ
1160 2624 1202 2712 μὴ

14 2705 16 2716 ’
125 2723 292 2816 «χρῆσθαι
309 2731 384 2802 τοῖς-
396 2725 629 2817 ἀπαρέσκουσιν·
643 2729 659 2788 ὁ
675 2714 710 2816 δὲ
723 2724 781 2794 τάν
801 2723 946 2795 τοιαύτην
968 2722 1124 2816 ἀγροικίαν
1137 2720 1202 2804 ἐξε.

113 2833 294 2924 -αλέγχων,
305 2831 397 2908 αθτύς
411 2832 474 2908 ῖςιν
485 2827 636 2923 άγροικος.
647 2857 664 2892 υ
674 2815 717 2893 Ὲν
730 2820 795 2914 ὁδῷ
806 2820 847 2892 δέ
857 2853 935 2894 ποτε
947 2828 1134 2908 συνελασθεὶς
1142 2833 1202 2899 ὑπὸ

121 2947 275 3029 χειμῶνος
294 2935 333 3014 εἰς
352 2937 476 3004 ἔπαυλιν
498 2935 656 3028 ἀνθρώπου
688 2936 890 3017 πίνητος,ῶς
913 2926 1000 3002 οὐδὲν
1022 2933 1088 3028 εὗρε
1109 2940 1202 3005 πλέον

14 3051 24 3080 ’·
102 3043 296 3135 -οίκηματος
309 3045 384 3120 -ἑνθς
402 3039 552 3137 γλίσχρως
578 3045 632 3108 ἕνα
662 3033 808 3118 δέξασθαι
825 3031 1009 3130 δυναμένου,
1033 3044 1107 3136 πρὸς
1131 3046 1202 3124 τοὺς

121 3150 232 3240 φιλους
252 3148 342 3216 εἰπὼν
354 3199 364 3229 ,
378 3156 417 3226 ῶς
431 3158 492 3214 τῶν
517 3149 569 3240 μὲν
586 3146 715 3238 ἐντίμων
734 3149 976 3240 παραχωρητέον
990 3147 1034 3222 είη
1054 3157 1119 3227 τοῖς
1133 3177 1205 3243 κρα-

121 3256 236 3334 τίςοις·
251 3263 312 3320 τῶν
332 3245 362 3320 δ’
381 3253 552 3348 ἀναγκαίων
570 3260 635 3331 τοῖς
656 3252 889 3337 ἀσθενεςάτοις,
903 3232 1027 3321 ὀππιον
1048 3257 1202 3324 ἐκέλευσεν

121 3360 372 3432 ἀναπαύσασθαι*
391 3359 472 3454 μετὰ
489 3353 524 3427 δὲ
547 3370 608 3427 τῶν
632 3357 734 3426 ἀλλων
754 3360 849 3438 αὐτὸς
867 3361 897 3424 έν
918 3367 965 3446 τῷ
978 3361 1132 3456 προςεγίῳ
1147 3374 1203 3444 τῆς

121 3468 217 3562 θύρας
237 3459 408 3542 ἐκάθευδεν.

176 3575 312 3642 XVIII.
328 3562 417 3640 Ᾰλλὰ
437 3571 495 3666 γάρ
510 3578 526 3639 θ
541 3573 595 3664 μὲν
609 3583 731 3664 πρῶτος
746 3577 831 3659 αὐτῷ
849 3580 910 3639 τῶν
933 3575 1093 3640 Κελτικῶν
1103 3579 1202 3643 πολέ·

122 3707 190 3773 μων
204 3681 282 3771 πρὸς
295 3664 489 3756 Ελθηττίους
503 3681 613 3755 συνέφη
626 3678 677 3746 καὶ
691 3679 869 3773 Τιγυρίνους
881 3676 903 3762 ¹,
915 3677 942 3746 οἳ
957 3679 1014 3757 τὰς
1027 3685 1128 3747 αὑτῶν
1143 3673 1202 3750 δώ·

122 3780 205 3854 δέκα
213 3785 318 3862 πολεις
326 3783 381 3852 καὶ
392 3788 498 3877 κώμας
508 3784 707 3878 τετρακοσίας
720 3787 1085 3878 έμπρύσοεντες,ἐχῶρουν
1098 3789 1203 3880 πρόσω

122 3885 180 3960 διὰ
207 3903 266 3970 τῆς
293 3877 524 3985 θπὸΡωμαίοις
549 3890 721 3975 Γαλατίας,
748 3895 847 3984 ῶσπερ
871 3891 970 3959 πάλαι
996 3887 1130 3986 Κίμθροι
1152 3897 1203 3963 καὶ
1259 3985 1262 3988 ἦ

152 4071 255 4126 ·1.··Al.
277 4074 404 4142 Τυρηνούς.
419 4071 498 4125 Male.
513 4073 559 4124 De·
570 4072 644 4124 Bello
689 4072 711 4122 le
724 4083 812 4122 canton
825 4072 855 4123 de
868 4073 973 4126 Zun'ch.
985 4073 1107 4130 Helvetia
1116 4083 1203 4137 omnis

123 4152 199 4206 G'nll.
215 4171 246 4221 1,
263 4167 314 4214 ιιι
328 4152 375 4205 ubi
381 4151 415 4205 de
422 4151 552 4222 Tigurino
559 4168 644 4222 pago,
689 4151 718 4204 in
732 4164 847 4220 quatuor
858 4168 939 4223 pagos
952 4167 1009 4209 erat
1022 4154 1115 4213 divisa
1137 4176 1140 4180 ⁴
