3000 5025
256 491 559 562 INTERPRES
586 489 818 559 GRAECUS.
848 493 944 561 LIB.
973 493 1063 562 VII.
1115 493 1191 591 495

118 652 184 694 σαν.
216 627 326 694 Ταῦτα
349 615 379 690 δ’
407 629 423 692 ό
448 626 570 716 Καῖσαρ
596 615 891 716 καταπραξάμενος,
915 627 991 719 πρὸς
1012 628 1102 695 πόλιν
1130 637 1193 696 τών

119 731 303 826 Βιτουρίγων
325 729 453 825 μιγίςην
472 732 526 814 τὲ,
546 730 598 798 καὶ
620 730 839 824 ὀχυρωτάτην,
859 730 911 796 καὶ
929 735 959 798 ἐν
979 739 1058 827 καλῇ
1076 745 1193 830 γῇκςς.

120 842 228 930 μένην,
247 843 403 931 ὥρμησεν,
423 835 460 912 ἢν
486 839 605 914 ταύτης
636 839 788 932 ἐγκρατὴς
818 838 961 932 γίνοιτο,
980 830 1093 931 ρρδίως
1121 844 1193 920 τοὺς

118 947 299 1039 Βιτούριγας
311 947 363 1034 ,ὑφ’
378 947 480 1033 ἑαυτῷ
495 942 672 1017 ποιήσεσθαι
688 945 865 1037 ἡγούμενος.

172 1054 269 1121 XIV.
289 1037 318 1118 0
338 1042 372 1118 δὲ
392 1042 432 1124 δὴ
451 1044 689 1144 Βερκιγγίτορυξ
707 1053 864 1118 τοσούτων
883 1047 1194 1147 αῦτῷσυμίησασών

118 1159 273 1250 ἀτυχιῶν,
289 1167 346 1236 τῆς
369 1147 634 1240 Βελαυνοδούνου,
651 1156 703 1223 καὶ
725 1167 781 1234 τῆς
807 1159 832 1222 Γ
833 1151 961 1240 ενάύου,
979 1157 1032 1225 καὶ
1050 1169 1106 1237 τῆς
1128 1162 1194 1227 Νο·

120 1257 299 1347 ἕιοδούνου,
316 1264 376 1331 ὑπὸ
395 1271 456 1331 τῶν
476 1250 625 1355 Ρωμαίων
645 1263 833 1358 αἱρεθεισών,
847 1262 1009 1337 ἐκκλησίαν
1028 1265 1197 1359 ποιησόμε-

118 1399 187 1458 νος,
202 1364 285 1448 ἔλεξε
299 1361 417 1438 τοιοίδε.
440 1351 559 1464 Ᾰνδρις
573 1358 800 1462 συςρατιῶται,
813 1366 901 1455 ἀλλῳ
918 1370 994 1454 τινὶ,
1010 1370 1029 1438 ῖι
1048 1373 1196 1466 πρόσθεν,

118 1478 227 1570 τ’ρόπῳ
246 1485 311 1554 τοῖς
332 1462 484 1569 Ῥωμαίοις
505 1481 648 1568 πολεμεῖν
667 1480 748 1568 ἡμεῖς
775 1477 905 1571 ἀνάγκη·
927 1477 979 1544 καὶ
997 1486 1121 1571 πρῶτον
1141 1505 1204 1571 μεν,

118 1586 206 1679 παίσῃ
221 1593 344 1677 μηχανῇ
358 1590 429 1675 ήμῖν
445 1591 540 1649 τοῦτο
560 1584 784 1676 ἐπιχειρητέον,
800 1582 927 1661 ἐκείνους
942 1591 1004 1650 τών
1022 1597 1195 1677 προνομιών

119 1692 321 1759 ἀποκωλύειν·
336 1691 568 1784 εύποφουριένοις
587 1679 616 1754 δ’
631 1691 746 1776 ἱππικῷ
763 1695 835 1780 ἡμῖν
855 1700 949 1756 τοῦτο
968 1691 1049 1758 πάνυ
1073 1684 1196 1783 ρρὶδιον,

118 1798 172 1864 καὶ
191 1798 269 1891 πρὸς
288 1799 410 1873 τούτοις
429 1798 480 1862 ὑπ’
507 1798 603 1863 αὐτοῦ
627 1805 684 1864 τοῦ
709 1806 815 1887 καιροῦ
843 1791 1068 1888 ῦοηθουμίνοις·
1092 1802 1110 1864 ό
1140 1800 1195 1890 μὲν

118 1902 179 1999 γὰρ
198 1904 285 1996 χιλός
302 1930 369 1981 πως
383 1893 444 1976 ήδη
459 1901 623 1995 τ“εθε’ριςαι·
643 1907 704 1980 ώςε
718 1900 840 1982 ἐκείνοις
856 1903 906 1970 ἐπὶ
926 1900 983 1980 τὰς
998 1906 1121 1996 κώμας,
1140 1916 1198 1972 τοῦ

120 2013 317 2103 προνομεύειν
352 2013 456 2090 ἕνεκα,
480 2003 594 2086 ἐξιτέον
622 2011 679 2087 εἶς-ι·
700 2010 774 2086 τοῦς
793 2000 823 2075 δ’
847 2003 984 2087 ἐξιόντας
1010 2010 1038 2076 οἱ
1056 2012 1198 2105 ἡμέτεροι

121 2119 223 2194 ἱππεῖς
247 2119 277 2182 ἐν
307 2126 347 2210 τῇ
373 2106 437 2202 ὀδῷ
467 2107 578 2208 ῥᾳδίως
606 2107 790 2190 δυνήσονται
817 2107 1010 2208 διαφθείρειν·
1033 2118 1141 2184 ἔπειτα
1168 2109 1200 2182 δ’

121 2219 229 2316 (εἴπερ
247 2249 282 2317 γε
302 2223 454 2315 σωτηρίας
468 2225 556 2289 ἕνεκα
572 2232 634 2290 τῶν
648 2221 818 2315 χρημάτων
838 2224 958 2315 ἀμελεῖν
973 2215 1055 2315 χρὴ)
1068 2219 1202 2317 συμύου-

119 2332 202 2398 λεύω
224 2332 304 2424 ἐγὼ,
322 2326 380 2406 τὰς
399 2332 505 2420 κώμας
523 2355 558 2396 τε
576 2329 695 2411 πάσας,
710 2328 763 2396 καὶ
775 2325 819 2395 τά
838 2320 1077 2422 οἰκοδομήματα
1093 2329 1200 2399 πάντα

123 2447 274 2504 τοσοῦτον
293 2435 354 2503 ἀπὸ
373 2446 429 2515 τῆς
445 2432 534 2515 Βοίας
546 2435 644 2518 κάειν,
659 2439 728 2503 ὅσον
749 2436 821 2514 τοὺς
839 2420 999 2528 Ῥωμαίους
1016 2447 1073 2503 τοῦ
1088 2464 1201 2532 προνο-

121 2546 223 2637 μεύειν
240 2546 329 2612 ἕνεκα
346 2544 407 2609 ἀπὸ
427 2552 484 2610 τοῦ
497 2533 695 2637 ςρατοπέδου
715 2534 896 2617 δυνήσεσθαι
916 2545 1053 2635 προιίναι
1071 2544 1202 2637 τεκμαί-

123 2650 228 2746 ρεσθαι
242 2650 300 2727 ἐςί·
320 2651 440 2717 τούτων
456 2640 504 2733 δ’,
519 2651 597 2741 ίφη,
613 2652 711 2727 οὕτως
725 2649 874 2740 ἐχόντων,
887 2654 974 2741 ήμεῖς
989 2650 1042 2740 μὲν
1062 2651 1125 2718 ἀπὸ
1143 2662 1201 2728 τῆς

121 2760 227 2850 χώρας
247 2756 385 2839 ταύτης,
406 2758 482 2823 όπου
502 2762 518 2822 ὁ
539 2755 673 2845 πόλεμος
692 2756 811 2838 ἔσεται,
833 2753 874 2822 τδι
897 2746 1059 2829 ἐπιτήδεια
1080 2751 1204 2848 λαμύά-

122 2889 248 2944 νοντες,
267 2861 411 2953 ἀφθονίαν
431 2866 533 2930 αὐτῶν
553 2854 669 2954 ἕξομεν·
690 2861 719 2928 οἱ
737 2852 774 2927 δὲ
791 2846 946 2953 ῥωμαῖοι,
964 2860 983 2935 ἢ
1002 2865 1060 2936 τὴν
1083 2855 1201 2930 ἔνδειαν

124 2972 247 3045 ταύτην
272 2970 432 3060 ὑποφέρειν
458 2971 499 3061 μή
522 2959 728 3050 δυνήσονται,
750 2968 844 3061 ἤγουν
871 2968 951 3035 πολὺ
978 2961 1203 3048 κινδυνεύοντες

125 3073 248 3169 μακρὰν
275 3076 337 3143 ἀπὸ
357 3084 414 3141 τοῦ
437 3064 633 3169 ςρατοπίδου
659 3067 766 3153 ἐξιᾶσι·
793 3066 881 3141 οὐδὲν
910 3064 946 3141 δέ
972 3101 1025 3159 μοι
1051 3068 1204 3171 διαφέρειν

125 3174 235 3265 δοκεῖ,
254 3180 273 3255 ἢ
300 3181 409 3259 αὐτοὺς
429 3179 635 3265 ἀποκτείνειν,
655 3180 674 3255 ἢ
696 3191 759 3247 τῶν
785 3182 974 3274 σκευοφόρων
993 3182 1163 3275 ἀποςεριῖν·
1183 3180 1204 3249 ἀ

128 3284 166 3355 ἀν
186 3283 415 3371 ἀποόαλόντες,
429 3294 633 3379 πολεμοῦντες
650 3280 702 3364 ζῆν
719 3290 760 3379 μή
777 3278 971 3361 δυνήσονται·
986 3290 1062 3382 πρὸς
1081 3291 1205 3369 τούτοις

128 3387 165 3461 δὲ
184 3392 311 3473 καὶτὰς
332 3398 390 3486 οὐχ
408 3398 505 3472 οὕτως
527 3392 657 3487 ὀχυρὰς,
681 3398 743 3471 ώςε
761 3395 824 3461 ἀπὸ
850 3395 964 3472 παντὸς
980 3385 1125 3463 ’κινδύνου
1141 3405 1205 3462 τῶν

128 3501 284 3594 πολεμίων
314 3500 458 3591 ἀσφαλεῖς
488 3496 582 3584 εἶναι,
605 3500 686 3567 κύειν
712 3501 817 3578 πολεις
866 3502 922 3593 ρή,
942 3504 985 3593 μή
1009 3507 1082 3593 ἡμῖν
1102 3506 1205 3581 αὐτοῖς

121 3610 204 3702 ’πρὸς
222 3612 260 3675 τὸ
280 3606 459 3676 κακύνεσθαι
475 3607 665 3698 ἀναχώρησις
676 3658 686 3690 ,
697 3607 750 3673 καὶ
767 3613 832 3685 τοῖς
842 3526 1001 3698 δωμαίοις
1017 3607 1100 3687 λείας
1119 3613 1206 3701 χώρα

130 3717 207 3807 πρὸς
224 3716 263 3781 τὸ
279 3713 412 3780 ἐντεῦθεν
428 3708 470 3779 τὰ
489 3707 651 3787 ἐπιτήδεια
659 3707 828 3804 λαμόάνειν
842 3716 1001 3808 γένωνται·
1021 3714 1047 3779 εἰ
1061 3708 1097 3781 δὲ
1111 3722 1205 3783 τοῦτο

131 3821 257 3914 αἰσχρόν
276 3846 330 3902 τε,
346 3808 398 3887 καὶ
414 3814 490 3911 ύαρὺ
510 3810 614 3903 δοκεῖ,
632 3828 832 3904 κατανοεῖτε,
846 3822 902 3910 ἔφη
915 3873 924 3904 ,
939 3825 979 3898 ὡς
993 3823 1071 3889 πολὺ
1086 3821 1209 3914 αἰσχρό-

132 3929 220 4021 τερόν
237 3952 293 4017 τε,
308 3926 359 3993 καὶ
374 3920 538 4018 ύαρύτερον
560 3920 692 4017 νομίζειν
706 3928 764 4018 χρὴ
784 3932 884 4018 ὑμᾶς,
900 3930 936 3995 τὸ
953 3929 1024 4007 τοὺς
1042 3928 1206 4021 πολεμίους

133 4033 191 4111 τδις
217 4034 300 4126 ὑμῶν
319 4040 466 4127 γυναῖκας
481 4032 534 4099 καὶ
554 4024 671 4110 παῖδας
690 4032 730 4109 είς
755 4024 894 4100 δουλείαν
913 4035 1110 4130 ἀγαγόντας,
1128 4040 1208 4127 ὑμεῖς

134 4140 246 4219 αὐτοὺς
262 4135 487 4206 ἀποκτείνεινᾶ
504 4136 610 4207 πάντα
628 4133 803 4230 συμύαίνιιν
825 4139 943 4234 ἀνάγκη
964 4142 1012 4220 έςὶ
1025 4149 1090 4222 τοῖς
1108 4147 1211 4219 ήττω-
1304 4137 1306 4141 ’

137 4249 248 4337 μόνοις.
264 4223 293 4311 ί)
313 4246 366 4339 μὲν
386 4241 436 4312 οὖν
456 4239 693 4341 Βερκιγγίτορυξ
708 4248 837 4313 τοσαῦτ’
851 4241 942 4314 εἶπεν.
