3000 5025
217 507 523 578 INTERPRES
552 505 786 576 GRAECUS.
816 508 915 576 LIB.
943 508 1034 577 VII.
1093 504 1173 579 511x

103 641 163 736 περὶ
189 651 246 720 τῆς
275 632 437 718 δυναςείας
462 633 695 719 ἀντεςασίαζον·
723 639 776 707 καὶ
802 641 877 732 πρὸς
906 644 1030 721 τούτοις
1052 643 1082 708 ἐν
1105 650 1170 720 τοῖς

102 759 152 826 τῆς
172 757 232 816 τῶν
257 734 399 815 Εδουέων
420 746 575 830 βασιλείας
596 739 774 840 διαφόροις,
796 753 812 814 ὁ
833 748 887 839 μὲν
906 749 981 840 ὑπὲρ
1000 758 1058 816 τοῦ
1079 751 1172 840 Κομ-

102 849 344 936 όικτολιτσίνους,
364 861 380 922 ὁ
402 846 437 920 δὲ
469 854 542 946 ὑπὲρ
574 863 630 921 τοῦ
658 851 764 922 Κύπου
795 853 924 947 ἰσχυρῶς
952 847 1170 949 διηγωνίσατο.
1247 899 1249 902 -

101 964 220 1027 Τούτων
234 962 288 1054 μὲν
309 957 360 1029 οὖν
376 967 392 1028 ό
408 947 607 1054 Επορέδορυξ
619 963 676 1034 τθν
692 969 749 1027 τοῦ
758 955 929 1028 Λιταύίκου
943 963 1033 1055 γνοὺς
1045 956 1171 1030 ἐπιύου-

99 1058 1171 1162 λθν,περὶριίσαςνύκταςτὸπρᾶγμαδιαγγέλλειτῷΚαίσαρι,δεόμενος

101 1177 189 1242 αὐτοῦ
199 1229 209 1262 ,
224 1178 267 1267 μη
285 1177 440 1248 τοσαύτην
461 1175 551 1241 πολιν
574 1183 696 1239 νεανιῶν
718 1182 809 1241 τινῶν
827 1167 924 1267 όουλῇ
943 1175 1005 1242 ἀπὸ
1021 1185 1083 1242 τῶν
1102 1159 1171 1240 Pm-

100 1279 190 1369 μαίων
213 1284 272 1369 ἐῴη
297 1281 463 1358 ἀποςῆναι.
486 1283 589 1348 Τοῦτο
613 1272 662 1366 δ’,
683 1283 759 1371 ἔφη,
777 1291 900 1374 προορῶ
924 1281 1118 1374 γενύσεσθαι,
1134 1275 1170 1346 θιν

101 1391 230 1462 τοσαύτη
248 1392 350 1455 αὐτῶν
370 1394 435 1465 τοῖς
453 1385 609 1478 πολεμίοις
623 1387 797 1479 προσθῆται
817 1387 941 1480 ςρατιά·
961 1398 1018 1466 τῆς
1041 1388 1094 1480 μὲν
1112 1385 1170 1481 γὰρ

99 1492 209 1560 ἐκείνων
236 1493 390 1588 σωτηρίας
416 1494 445 1561 οἱ
471 1501 586 1586 γονεῖς,
606 1485 673 1561 οὐδ’
697 1497 777 1566 αὕτη
807 1494 938 1572 ἡπολις
958 1497 1149 1589 ὀλιγωρόσει.
1241 1557 1245 1564 ,

146 1601 219 1669 XL.
236 1599 350 1669 Ταῦτα
370 1593 400 1667 δ’
420 1606 436 1668 ό
456 1603 579 1693 Καῖσαρ
603 1601 755 1684 ἀκούσας,
774 1603 803 1666 ἐν
830 1601 949 1695 μεγάλη
973 1601 1027 1693 μὲν
1051 1603 1169 1697 ἐγένετο

98 1699 241 1797 φροντίδι·
262 1707 279 1775 θ
301 1699 336 1773 δὲ
358 1705 404 1774 ἀεὶ
430 1716 471 1800 τῇ
492 1715 554 1774 τῶν
578 1693 720 1774 Εδουέων
743 1707 833 1774 πόλει
865 1709 1055 1800 εὐμενέςατα
1078 1722 1197 1800 προσ·

99 1814 230 1905 εφέρετο,
241 1805 300 1883 οὐδ
302 1815 331 1880 ἐν
342 1812 520 1906 ἀναμείνας,
532 1816 673 1906 τέτταρα
687 1813 741 1904 μὲν
753 1805 868 1891 εὔζωνα
881 1815 1048 1907 τάγματα,
1062 1818 1169 1880 πάντα

98 1920 129 1984 ἐκ
138 1930 193 1988 τοῦ
207 1911 406 2015 ςρατοπέδου
425 1922 505 2014 ταχὺ
521 1913 650 2015 ἐξάγαγε
666 1921 703 1986 τὸ
719 1920 855 1988 ἱππικόν·
875 1924 910 1987 οὐ
927 1918 1055 2015 μὲνγὰρ
1072 1923 1168 2010 σχολὴ

98 2025 123 2088 ἐν
147 2029 247 2116 τούτῳ
268 2038 326 2095 τοῦ
347 2033 408 2094 πεῖν
433 2020 577 2122 ἀθροίζειν
601 2029 638 2094 τὸ
660 2027 824 2119 ςράτευμα
841 2027 961 2122 ἐγένετο
982 2035 1029 2114 τῷ
1048 2027 1169 2119 χρόνῳ,

97 2131 141 2198 ότι
166 2137 194 2199 ἐν
214 2146 255 2230 τῇ
280 2137 437 2226 ταχύτητι
464 2135 540 2228 μόνῃ
568 2137 629 2201 πᾶν
658 2133 775 2201 κεῖσθαι
800 2135 839 2201 τὸ
865 2139 995 2229 πρᾶγμα
1017 2132 1168 2226 ἐφαίνετο.

98 2225 179 2306 Ᾰλλδι
205 2242 258 2308 τὸν
282 2241 373 2308 Γάϊον
402 2234 518 2308 Φάόιον
546 2247 667 2335 φυλακῇ
696 2251 754 2308 τοῦ
782 2233 980 2333 ςρατοπέδου
1006 2239 1088 2331 μετὰ
1113 2232 1168 2307 δύο

97 2347 259 2438 ταγμάτων
285 2349 441 2414 κατέλιπε·
463 2349 534 2426 τοὺς
559 2339 594 2414 δὲ
617 2358 675 2415 τοῦ
702 2341 874 2415 Λιταόίκου
900 2341 1168 2439 συλλαμύάνεσθαι

99 2454 248 2539 κελεύσας,
268 2453 372 2548 ὀλίγον
396 2453 524 2546 πρόσθεν
549 2455 625 2547 πρὸς
649 2456 722 2532 τοὺς
747 2453 930 2546 πολεμίους,
948 2453 1077 2533 ἐκείνους
1097 2445 1168 2521 δια-

98 2566 191 2652 φυγεῖν
212 2561 329 2657 εθρέθη.
351 2562 430 2639 Τοὺς
453 2562 506 2653 μὲν
533 2558 583 2627 οὖν
607 2564 800 2655 ςρατιώτας,
820 2563 862 2651 μή
885 2558 932 2646 πῷ
956 2572 1014 2639 τῆς
1037 2552 1165 2628 ὁδοιπο-

98 2663 170 2753 ρείας
193 2668 374 2753 λυπεῖσθαι,
397 2670 629 2760 παρακαλέσας,
646 2667 782 2766 πάντων,
796 2670 882 2755 αὐτῷ
902 2667 1065 2760 προθύμως
1085 2693 1167 2759 συμ-

97 2765 428 2867 πορευομένων,ςάδια
461 2774 539 2866 ἀμφὶ
569 2771 612 2841 τὰ
639 2765 785 2840 διακόσια
816 2773 995 2865 προελθὼν,
1020 2775 1076 2848 τὴν
1104 2781 1166 2839 τῶν

97 2860 229 2949 θδουέων
246 2873 373 2949 κατεῖδε
395 2879 544 2973 ςρατιὰν,
561 2880 612 2946 καὶ
634 2882 707 2959 τοὺς
725 2885 822 2947 αὑτοῦ
840 2880 951 2957 ἱππέας
972 2882 1021 2947 ἐπ’
1039 2880 1166 2957 ἐκείνους

97 2984 306 3080 πεμψάμενος,
331 2989 442 3066 αὐτοὺς
465 2991 518 3079 μὲν
543 2988 691 3078 κατέσχε,
711 2985 763 3053 καὶ
784 2995 842 3053 τοῦ
863 2987 970 3078 πρόσω
991 2986 1066 3053 ἰέναι
1086 3012 1166 3053 κατ-

97 3088 169 3181 έσχε·
186 3100 262 3163 πᾶσι
282 3087 337 3181 δὲ,
358 3098 403 3187 μό
419 3118 489 3161 τινα
508 3100 569 3160 τῶν
590 3078 732 3160 Εδουέων
756 3096 922 3186 φονεύοιεν,
941 3094 1090 3162 ἀπειπὼν·
1110 3094 1164 3160 τόν

97 3219 127 3259 τε
146 3184 382 3295 Επορεδόρυγα,
402 3200 454 3267 καὶ
471 3202 525 3267 τὸν
548 3192 770 3293 Βιριδόμαρον,
790 3198 840 3300 οθς
860 3200 1038 3293 φονευθῆναι
1056 3202 1163 3267 ἐκεῖνοι

96 3300 244 3395 ἐνόμιζον,
260 3292 301 3373 ’ἐν
329 3333 365 3375 τε
384 3314 449 3386 τοῖς
472 3308 612 3377 ἱππεῦσιν
640 3308 880 3399 άναςρέφεσθαι,
902 3306 955 3374 καὶ
978 3308 1050 3384 τοὺς
1079 3314 1162 3399 σφῶν

96 3406 200 3491 ἱππέας
211 3414 449 3508 παραθαρρύνειν
466 3419 661 3510 παρήγγειλε.
678 3417 789 3481 Ταῦτα
802 3406 838 3481 δὲ
850 3414 878 3481 οἱ
892 3400 1019 3491 Εδουιῖς
1033 3404 1163 3501 ἰδόντες,

94 3514 210 3586 καὶτὸν
230 3532 287 3589 τοῦ
311 3515 481 3588 Λιταόίκου
505 3512 596 3589 δόλον
615 3523 753 3616 γνόντες,
774 3523 831 3599 τάς
856 3546 892 3587 τε
917 3529 1019 3613 χεῖρας
1041 3519 1164 3586 ἀνατεί-

94 3642 164 3709 νειν,
179 3627 230 3693 καὶ
259 3625 302 3694 τὰ
327 3630 410 3695 όπλα
437 3615 655 3721 καταθέμενοι,
678 3638 739 3695 τῶν
768 3614 918 3720 Ῥωμαίων
950 3626 1166 3719 παραιτεῖσθαι

94 3718 284 3816 ἤρξαντοί)
315 3725 350 3799 δὲ
373 3730 542 3813 Λιτάόικος
573 3746 676 3801 ταῦτα
707 3735 993 3829 κατανοησάμενος,
1014 3740 1068 3799 σὺν
1098 3739 1164 3810 τοῖς

95 3832 201 3905 ἑαυτοῦ
223 3840 387 3923 ὑπηκόοις,
401 3837 446 3917 οἷς
461 3836 473 3924 (
488 3848 527 3919 ὡς
545 3840 630 3934 παρὰ
655 3846 718 3917 τοῖς
741 3842 871 3919 Γαλλοις
890 3836 1023 3932 τρόπος)
1045 3831 1112 3905 οὐδ’
1131 3842 1162 3905 ἐν

95 3937 207 4036 ἐσχάτη
222 3946 335 4039 ἀπορίᾳ
349 3946 579 4041 ἐγκαταλείπειν
592 3948 665 4025 τοὺς
681 3938 838 4027 δεσπότας
852 3953 908 4015 οὐκ
920 3942 1034 4033 ἔξεςιν,
1048 3945 1089 4023 εἰς
1104 3949 1161 4020 τλν

96 4042 257 4140 Γεργοόίαν
275 4054 363 4121 πολιν
387 4044 528 4128 διεσώθη.

144 4155 233 4226 XLI.
252 4144 283 4227 Ο
300 4151 336 4227 δὲ
357 4151 397 4234 δὴ
420 4163 541 4255 Καῖσαρ
563 4162 710 4257 ἀγγέλους
735 4162 811 4254 πρὸς
841 4164 898 4235 τὴν
925 4169 988 4227 τῶν
1021 4146 1162 4225 θδουίων
