3000 5025
301 489 375 584 οφ
601 493 640 561 c.
668 493 812 560 JULII
842 489 1072 560 cffisAms

297 629 360 688 τῶν
381 621 508 690 Γαλλων
533 623 657 692 πάντων
685 603 837 716 εἰρημένος
856 623 911 697 εἴη.
931 625 1057 690 Τούτων
1082 624 1135 715 μὲν
1163 632 1230 701 ταῖς
1250 612 1361 696 δεήσεσι

298 729 513 820 παροτρυνθεὶς
533 737 548 797 6
565 725 817 826 Βερκιγγέτορυξ,
831 733 865 796 ἐκ
884 738 945 796 τῶν
959 731 1145 824 Βιτυυρίγων
1162 729 1203 807 εἰς
1218 729 1289 805 τοὺς
1307 717 1362 821 Ᾰρ·

300 827 420 926 ύέρνους
437 829 795 930 μετεςρατοπεδεύσατο.

353 944 411 1008 ΙΧ.
436 928 465 1008 O
485 935 519 1013 δὲ
544 947 665 1036 Καῖσαρ
695 947 724 1010 ἐν
751 953 792 1036 τῇ
817 944 934 1011 ἐκείνων
957 946 1044 1036 χώρᾳ
1063 935 1119 1009 δύο
1139 943 1230 1034 μόνον
1256 940 1363 1031 ἡμέρας

299 1045 479 1131 ἀναλώσας,
505 1061 607 1117 ταῦτα
638 1052 692 1118 τὸν
721 1049 987 1144 Βερκιγγετύρυγα
1012 1052 1146 1124 ποιήσειν
1175 1040 1364 1141 λογιζόμενος

299 1151 362 1221 ἀπὸ
381 1165 437 1232 τῆς
456 1156 509 1247 μὲν
528 1161 676 1250 ςρατιοῖς,
693 1166 749 1224 τοῦ
763 1155 974 1247 άναπλήρωμά
992 1180 1028 1222 τε
1046 1155 1097 1221 καὶ
1109 1157 1203 1221 ἵππον
1217 1151 1366 1244 συναθροί-

300 1249 358 1335 ζειν
377 1263 479 1346 ἕνεκα,
505 1262 633 1337 ἀπῆλθε·
658 1265 711 1330 τὸν
741 1254 777 1329 δὲ
802 1261 956 1329 νεανίσκον
976 1265 1109 1355 Βροῦτον
1137 1269 1202 1339 τοῖς
1231 1261 1364 1326 ἱππεῦσιν

207 1371 210 1383 ’
300 1365 466 1451 ἐπιζήσας,
489 1373 691 1463 παρήγγειλεν
718 1373 803 1455 αύτῷ
822 1369 893 1446 τοὺς
914 1368 1024 1445 ἱππέας
1051 1366 1134 1436 κατὰ
1161 1369 1233 1444 τοὺς
1262 1367 1366 1459 ἀγροὺς

302 1477 343 1549 ὡς
362 1472 515 1565 εὐρύτατα
535 1466 684 1566 διαριέναι
698 1475 856 1557 καταθεῖν,
875 1477 984 1541 ἑαυτὸν
1004 1473 1241 1566 ἐπιμελήσεσθαι
1255 1475 1367 1564 φήσας,

302 1581 384 1657 ὅπως
394 1582 436 1671 μὴ
447 1587 548 1649 πλεῖον
564 1572 656 1650 δοιοῖν
671 1589 790 1676 ἡμερῶν
802 1582 863 1648 άπὸ
879 1592 935 1648 τοῦ
948 1583 1164 1673 ςρατεύματος
1177 1581 1254 1672 ἀπῇ·
1271 1588 1367 1648 ταῦτα

303 1675 334 1751 δ’
353 1688 435 1752 ούτω
455 1687 676 1779 ποιησάμενος,
700 1689 825 1757 πάντων
844 1699 906 1754 τῶν
925 1691 1022 1754 αὐτοῦ
1047 1678 1325 1818 ἀπροσδοκήτων,
1332 1690 1367 1772 ὡς

301 1783 497 1865 ήδύνατο’
456 1819 575 1926 ταχιςα
598 1798 628 1860 ἐν
648 1805 688 1888 τῇ
714 1797 818 1889 Βιέννη
841 1795 1035 1888 παρεγένετο·
1055 1794 1108 1859 καὶ
1131 1795 1184 1882 νέᾳ
1207 1795 1295 1876 ἵππῳ
1312 1793 1371 1856 ἐκεῖ

236 1896 239 1901 ’
302 1901 489 1990 περιτυχὼν,
503 1901 539 1975 ἢν
554 1899 647 1995 ὀλίγῳ
667 1901 796 1993 πρόσθεν
816 1901 978 1966 ἐνταῦθα’
965 1900 1151 2028 επεπύμφει,
1167 1863 1221 1964 δια
1234 1908 1291 1974 τῆς
1309 1905 1365 1962 τῶν

302 1989 500 2072 Εδουέων’
451 2033 559 2099 χωρας
573 2005 613 2085 είς
627 2009 683 2080 τὴν
696 2018 759 2073 τῶν
774 2007 979 2100 Λιγγύνων,”
960 2033 1037 2073 οπου
1054 2003 1131 2078 ἦσαν
1148 1997 1204 2071 δύο
1222 2004 1367 2098 τάγματα

303 2105 546 2202 χειμάζοντα,’
533 2115 734 2205 επορεύσατο,
759 2116 830 2180 ούτε
859 2115 934 2205 η’μέρ
938 2138 993 2196 ας,
1013 2114 1084 2189 ούτε
1114 2137 1149 2206 γε
1177 2112 1288 2188 νυκτὸς
1314 2111 1364 2180 τὴν

303 2217 426 2309 πορείαν
453 2209 639 2301 διαλείπων,
665 2221 714 2285 ἵνα
742 2218 771 2285 εἴ
799 2247 832 2286 τι
858 2219 926 2311 περὶ
958 2228 1014 2296 τῆς
1043 2223 1140 2285 αὐτοῦ
1164 2217 1316 2309 σωτηρίας
1341 2212 1367 2280 οἱ

304 2307 431 2400 Εδουεῖς
447 2318 653 2408 ύουλεύοιντο,
670 2335 709 2419 τῇ
730 2329 887 2418 παχύτητι
905 2325 1015 2403 αὐτοὺς
1033 2319 1195 2415 προλάύοι.
1214 2309 1258 2388 Εν
1279 2313 1313 2388 δὲ
1331 2330 1366 2413 τῇ

304 2437 366 2504 τῶν
386 2431 542 2525 Λιγγύνων
563 2434 649 2526 χώρᾳ
667 2433 925 2528 παραγενόμενος,
948 2432 1023 2525 πρὸς
1044 2430 1087 2498 τὰ
1110 2428 1205 2497 λοιπὰ
1224 2428 1367 2524 τάγματα

306 2527 519 2627 διεπέμψατο,
545 2538 595 2605 καὶ
624 2538 663 2616 είς
694 2536 723 2604 ἓν
760 2541 906 2632 πρότερον
933 2535 1014 2605 αὐτὰ
1040 2538 1146 2605 πάντα
1179 2536 1367 2629 συνήθροισε,

304 2642 374 2735 πρὶν
393 2642 411 2717 6
431 2644 573 2777 περὶτῆς
594 2647 688 2712 αὐτοῦ
702 2639 831 2735 ἀφίξεως
850 2653 921 2723 τοὺς
938 2634 1109 2738 Ᾰρύίρνους
1128 2652 1250 2738 γνῶναι.
1265 2646 1367 2709 Ταῦτα

306 2740 343 2815 δὲ
357 2751 444 2880 γνρὺς
463 2756 479 2817 6
498 2756 554 2839 Βερ
541 2753 716 2883 ρκιγγέτορυ
699 2746 795 2834 υ,’ξ
771 2778 811 2829 εις
836 2778 892 2825 την
911 2760 973 2817 τῶν
992 2751 1178 2843 Βιτουρίγων
1199 2752 1301 2842 χώραν
1319 2749 1367 2814 τὸν

304 2857 420 2947 ςρατδν
435 2858 559 2923 πάλιν’
542 2864 698 2952 απήγαγε,
708 2886 761 2925 και
749 2857 907 2929 ἐντεῦθεν
922 2857 1171 2984 ὁρμήσας,πρ’λιν
1186 2864 1248 2921 τῶν
1264 2850 1368 2937 Βοΐων,

306 2965 346 3028 Γε
349 2957 505 3057 ργούίνναν
519 2963 768 3094 καλουμένην,
738 2992 789 3042 ους
802 2968 832 3032 ἐν
847 2973 886 3057 τῇ
903 2950 1123 3056 Ελύητικῇᾶ
1053 2988 1167 3133 μεὲχρ
1184 2961 1370 3037 ἡττηθέντας

306 3072 337 3133 ἐν
358 3077 397 3161 τῇ
415 3069 502 3136 πόλει
527 3072 628 3145 ταύτη
648 3077 663 3137 6
683 3075 805 3163 Καῖσαρ
829 3067 1006 3147 κατοικίσας
1027 3096 1091 3146 τοις

306 3140 494 3256 δεδώκει,
465 3182 554 3269 αιρεῖν
573 3178 774 3271 ἐπεχείρησεν.

360 3285 401 3348 X.
411 3262 498 3371 (θεῷ
511 3282 644 3374 Καίσαρι
658 3286 731 3376 πρὸς
743 3311 780 3351 το
768 3256 989 3352 ύουλεύεσθαι
998 3282 1133 3378 μεγάλην
1144 3289 1287 3375 παρεῖχεν
1299 3282 1371 3349 ἀπο

307 3386 388 3492 ρίαν,
402 3390 530 3481 πότερον
548 3387 590 3458 τὰ
606 3392 753 3485 τάγματα
773 3392 809 3458 τὸ
825 3393 932 3459 λοιπὸν
952 3401 1008 3458 τοῢ
1025 3400 1173 3483 χειμῶνος
1188 3392 1217 3455 ἐν
1232 3396 1298 3466 τοῖς
1311 3414 1371 3480 χει-

306 3482 428 3587 μαδίοις
445 3497 664 3623 κριταλείπγ,η
684 3500 853 3626 ταχύτερον
874 3508 930 3573 τῆς
949 3496 1139 3576 συνηθείας’
1127 3522 1162 3563 εκ
1185 3503 1248 3562 τῶν
1265 3520 1371 3587 χειμα-

306 3594 380 3667 δίων
400 3600 480 3669 αὐτδι
501 3570 675 3698 ἐξαγάγῃ·
663 3630 698 3669 αν
717 3605 771 3694 μὲν
791 3602 850 3699 γάρ
871 3601 951 3670 αὐτὰ
971 3603 1162 3696 καταλείπῃ,
1181 3592 1369 3673 ἐδεδίειὴ
1303 3602 1369 3691 ,ἡμ

306 3709 431 3775 πάντων
454 3716 516 3775 τῶν
539 3716 603 3786 τοῖς
625 3696 790 3777 Εδουεῦσιν
814 3709 983 3801 συμμάχων
1009 3710 1065 3803 ἄνη
1068 3711 1223 3802 ρ,ημήνων
1242 3712 1329 3773 πᾶσα
1352 3711 1369 3780 6

307 3815 448 3881 Γαλατία
460 3810 571 3898 (αὐτον
588 3822 651 3893 τοῖς
666 3816 763 3906 ριλυις
782 3806 1039 3884 κινδυνεύουσι
1002 3842 1044 3907 μη
1064 3810 1139 3881 ύοηθ
1123 3815 1239 3881 θοῦντα
1251 3807 1369 3907 ὁρῶσα)

307 3922 362 3987 ἀπ’
381 3924 476 3989 αὐτοῦ
494 3924 614 4017 ἀποσύρ-
631 3917 666 3987 ύιν
692 3914 895 4017 δ’ἕξάγαγρ,
918 3925 959 4014 μή
982 3913 1024 3987 δι’
1043 3913 1158 3988 ἔνδειαν
1178 3920 1266 3987 σίτου
1291 3920 1370 4011 ἄμη·

304 4031 423 4122 χανήσῃ
434 4079 443 4110 ,
456 4024 681 4123 ὑπερερούεῒτο·
704 4029 810 4096 πάντα
824 4020 854 4095 δ’
866 4032 1016 4120 ἐπιμελῶς
1035 4019 1295 4119 διασκεψάμενος,
1310 4030 1369 4101 τοῖς

307 4130 404 4225 ρίλοις
419 4130 553 4219 ύοηθῶν,
568 4139 701 4228 ἐσχάτην
717 4136 846 4229 ἀπορίαν
860 4127 1045 4203 ὑποδύεσθαι
1065 4139 1183 4226 μᾶλλον
1200 4131 1370 4226 προείλετο,

1139 3060 1261 3134 6066666
1283 3092 1370 3159 παρὸ·
