3000 5025
152 443 153 451 Ν
248 500 560 573 ιυτειιευτε
588 498 832 571 οιιαοιιε.
860 503 962 571 ατε.
990 503 1054 572 ιν.
1115 504 1193 597 409

119 638 257 719 Σουεῦοι,
272 646 329 714 τῆς
343 638 445 731 χώρας
459 628 587 717 ἐξῶσαι,
601 638 759 713 ὑποτελεῖς
774 626 805 701 δ’
818 638 901 728 ὅμως
912 635 1013 727 σφίσιν
1027 637 1191 711 ἐποιήσαν-

115 768 175 828 το,
192 742 244 811 καὶ
261 745 318 817 τὴν
340 746 441 811 αὐτῶν
460 733 588 834 δύναμιν
602 743 681 809 πολὺ
697 742 872 811 ἐκολουσαν.

169 852 229 919 IV.
250 851 356 917 Ταυτὸ
377 850 501 927 τούτοιςΙ
516 848 546 917 οἱ
559 851 740 928 Ούσιπετεῒς
760 875 814 934 τε,
826 849 878 919 καὶ
892 850 921 917 οἱ
934 848 1100 943 Τέγχθεροι
1111 852 1192 917 ἐπα·

114 956 178 1027 θον.
196 955 296 1024 Οὗτοι
311 948 346 1023 δὲ
360 957 455 1025 πολὺν
476 956 583 1048 χρόνον
597 962 663 1035 τοῖς
678 959 817 1036 Σουεύοις
832 956 1023 1039 ιἰποςάντες,
1037 965 1093 1034 τῆς
1105 964 1190 1047 σφῶν

64 1096 70 1109 ·
114 1067 218 1157 χώρας
233 1064 271 1145 τὸ
289 1069 464 1131 τελευταῖον
479 1056 703 1149 ἐξεόλύθυσαν,
717 1064 769 1133 καὶ
787 1063 872 1135 κατὰ
888 1064 1021 1140 πολλοὺς
1038 1073 1095 1140 τῆς
1107 1064 1193 1159 sep·

114 1169 224 1263 μανίας
239 1168 311 1263 τρία
329 1171 382 1243 ἐτη
403 1172 462 1237 ὁλα
481 1171 595 1248 τόπους
617 1174 847 1255 πλανύσαντες,
863 1173 940 1265 πρὸς
958 1172 997 1241 τὸ
1019 1180 1076 1239 τοῦ
1094 1154 1194 1244 Ρύνου

114 1278 204 1369 μέρος
230 1278 340 1359 τελος,
363 1274 431 1345 καθ’
452 1274 468 1343 ὃ
487 1278 584 1363 ᾤκουν
606 1277 636 1345 οἱ
656 1278 828 1363 Μενοίπωι,
846 1280 1061 1373 παρίγενοντο.
1094 1273 1193 1347 Ούτοι

115 1385 169 1475 μὲν
182 1382 368 1477 ἑκατέρωθεν
383 1393 440 1451 τοῦ
454 1368 553 1458 ἐτόνου
567 1385 677 1478 ἀγρούς
695 1412 731 1455 τε
746 1386 798 1454 καὶ
813 1391 919 1479 κώμας
941 1385 993 1453 καὶ
1014 1383 1118 1454 πολλὰ
1134 1387 1193 1453 πό-

114 1516 216 1557 παντο
242 1481 491 1582 οἰκοδομήματα.
510 1492 595 1559 Τότε
616 1483 650 1561 δέ
670 1492 721 1560 ἐπὶ
741 1504 782 1588 τῇ
804 1495 955 1577 τοσούτου
972 1482 1092 1586 ἀνδρῶν
1110 1493 1194 1566 πλεί·

114 1595 183 1675 θους
204 1588 309 1687 ἐρόδιρ
329 1598 549 1692 ἐκπλαγέντες,
564 1602 599 1667 ἐκ
619 1599 673 1691 μὲν
692 1607 754 1667 τῶν
774 1602 915 1669 ἐπέκεινα
934 1590 1193 1691 οἰκοδομημάτων

114 1697 251 1781 ἐξῆλθον·
272 1703 322 1771 ἐπὶ
343 1703 457 1797 θάτερα
479 1697 514 1773 δὲ
539 1714 596 1773 τοῦ
620 1717 766 1798 ποταμοῦ
790 1704 922 1800 ρρουρέις
940 1709 1195 1786 κατοιςύσαντες,

113 1821 171 1887 τῆς
190 1820 249 1877 τοῦ
266 1820 412 1903 ποταμοῦ
431 1802 604 1890 διαόάσεως
623 1814 694 1891 τοὺς
711 1814 884 1907 Γερμανοὺς
902 1814 1092 1883 άπεκαίλυον.
1104 1812 1147 1879 Οί
1160 1804 1197 1879 δέ

114 1917 267 2009 Γερμανοὶ
282 1917 376 1985 παντὶ
390 1918 498 2011 τρόπω
510 1929 567 1997 τῆς
582 1910 756 1999 διαόάσεως
768 1919 987 2014 πειράσαντες,
1000 1911 1107 1994 ἐπειδὴ
1124 1922 1197 1987 ούτε

115 2025 168 2114 μὲν
188 2023 263 2115 βία,
278 2016 333 2091 διὰ
350 2027 406 2098 τὴν
427 2025 542 2094 πλοίων
557 2025 710 2119 ἀπορίαν,
723 2029 796 2095 οὔτε
810 2054 846 2123 γε
859 2028 980 2121 λάθρα,
994 2018 1049 2095 διὰ
1067 2024 1122 2105 τὰς
1136 2034 1198 2094 τῶν

114 2128 283 2197 Μεναπίων
310 2130 462 2225 φρουρὰς,
480 2119 648 2201 διαόαίνειν
671 2137 729 2201 οὐκ
747 2127 920 2217 ἠδύναντο,
939 2135 1016 2228 πρὸς
1036 2137 1094 2208 τὴν
1117 2142 1200 2224 σφῶν

115 2240 219 2329 χώραν
250 2238 418 2332 ἀναχωρεῖν
450 2244 740 2333 προσεποιήσαντο,
764 2241 817 2309 καὶ
850 2250 943 2334 τριῶν
957 2247 1094 2334 ’ἡμερῶν
1128 2231 1201 2309 ὀδόν

15 2432 17 2439 γ
117 2338 335 2428 ἐξελάσαντες,
354 2347 528 2438 τοῦμπαλιν
554 2343 750 2440 ῦπέςρεψοιν,
773 2349 826 2417 καὶ
854 2351 957 2416 πᾶσαν
995 2349 1114 2421 ταύτην
1143 2351 1201 2422 τὴν

116 2452 242 2544 πορείαν
259 2450 289 2518 ἐν
304 2456 360 2544 μιᾷ
373 2451 461 2520 νυκτὶ
474 2456 522 2543 ἐφ’
533 2454 636 2522 ἵππων
652 2456 835 2539 ἀνύσαντες,
844 2455 917 2533 τοὺς
931 2453 1108 2535 Μεναπίους
1121 2448 1154 2533 ἐξ
1165 2459 1200 2522 οῦ

114 2550 298 2650 προειδότος
319 2559 516 2643 ἐπελθόντες,
537 2561 812 2652 ἀπαρασκευάςους
827 2559 923 2653 εὗρον.
938 2564 1076 2639 Τούτους
1089 2554 1127 2629 δέ
1141 2585 1199 2653 φο·

115 2668 296 2748 νεύσαντες,
310 2664 363 2732 καὶ
375 2664 417 2734 τὰ
431 2665 550 2734 ἐκείνων
565 2673 660 2734 πλοῖα
671 2662 823 2746 λαθόντες
833 2717 844 2750 ,
854 2667 924 2758 πρὶν
943 2666 962 2744 ἢ
982 2668 1055 2744 τοὺς
1074 2667 1124 2735 ε’πέ
1144 2666 1199 2734 θά-

114 2797 189 2864 τερα
212 2781 269 2838 τοῦ
290 2783 436 2864 ποταμοῦ
465 2774 565 2864 ἐρέμα
588 2773 680 2852 όντας
709 2772 887 2850 Μεναπίους
915 2774 955 2840 τὸ
984 2775 1198 2866 πραττόμενον

113 2888 326 2962 κατανοῆσαι,
352 2869 498 2954 διέόηααν
519 2879 573 2962 καὶ,
598 2880 705 2950 πάντα
727 2878 771 2947 τὰ
794 2883 897 2948 αὐτῶν
919 2880 1131 2971 κατασχόντες
1152 2880 1197 2948 οί-

114 2977 413 3078 κοδομνίματα,τοῒς
425 2991 526 3054 αὐτῶν
536 2989 673 3079 χρήμασι
682 2988 736 3058 τθν
744 2988 854 3055 λοιπὸν
862 2994 1000 3080 χειμῶνα
1007 2987 1195 3080 ἐτράφησαν.

167 3093 212 3161 V.
231 3093 359 3158 Τούτων
376 3083 414 3160 δὲ
433 3101 480 3180 τῷ
501 3093 637 3187 Καίσαρι
651 3086 913 3188 διαγγελθέυτων,
926 3096 1037 3172 ἐκεῖνος
1054 3097 1113 3170 τὴν
1131 3105 1195 3162 τῶν

113 3198 246 3267 Γάλλων
269 3189 380 3276 δεδιὼς
402 3198 529 3278 άπιςίαν
540 3252 550 3284 ,
562 3191 641 3288 (εἰσὶ
663 3201 795 3296 μὲνγὰρ
814 3204 845 3268 ἐν
864 3207 911 3288 τῷ
929 3195 1126 3270 όουλεύεσθαι
1143 3206 1194 3269 εύ-

113 3304 233 3378 κίνπτοε
247 3305 276 3372 οἱ
291 3307 316 3372 Γ
319 3305 422 3391 αλλοι,
432 3305 484 3374 καὶ
497 3303 681 3400 νεωτερίζειν
693 3306 735 3376 τὰ
746 3314 862 3385 πλεῦςα
873 3306 1090 3400 ἐπιθυμοῦσιν)
1103 3300 1193 3408 οῦδέγ

114 3416 219 3489 αὐτοῖς
239 3414 440 3502 ἐπιτρεπτέον
464 3415 605 3508 ἐγύσατο
627 3411 713 3484 εἶναι.
736 3401 857 3484 Εκεῖνοι
880 3415 934 3501 μέν
956 3411 1016 3510 γὰρ
1042 3418 1115 3493 τοὺς
1135 3417 1191 3508 μὲν

113 3511 224 3597 ὁδίτας
247 3518 299 3594 καὶ
320 3515 453 3599 άκοντας
476 3521 675 3613 κατύχειυ,τί
693 3521 720 3590 θ’
733 3526 844 3600 ἕκαςος
864 3526 966 3590 αὐτῶν
988 3521 1059 3616 περὶ
1076 3522 1191 3599 ἐκείςου

111 3625 224 3698 ἤκουσε
239 3623 441 3719 πράγματος,
460 3630 575 3719 ἐρωτᾷν
597 3628 727 3698 εἰώθασι·
742 3629 815 3708 τοῦς
830 3619 861 3696 δ’
874 3629 1025 3722 ἐμπόρους
1047 3626 1190 3721 πιρείςει·

112 3757 167 3798 ται
181 3737 198 3798 ό
210 3732 304 3824 ὄχλος
319 3735 348 3800 ἐν
362 3741 430 3812 ταῖς
443 3734 571 3819 πόλεσι,
586 3733 638 3804 καί
651 3735 731 3802 ἔνθεν
747 3738 950 3830 πορεύονται,
963 3735 999 3803 τί
1012 3738 1043 3802 τ’
1055 3735 1189 3804 ἐνταῦθα

113 3838 224 3929 ἔμαθον
234 3890 243 3923 ,
255 3839 354 3933 λέγειν
369 3828 523 3926 όιάζουσι,
540 3841 624 3910 κατά
640 3867 676 3910 τε
696 3845 769 3920 τοὺς
787 3841 905 3910 ἐκείνων
920 3843 1031 3938 λόγους
1044 3842 1188 3934 περὶτῶν

111 3948 191 4016 ὅλων
205 3945 357 4024 πολλάκις
371 3941 579 4016 όουλεύονται·
595 3946 636 4016 ὧν
652 3950 764 4028 αὐτοὺς
779 3950 850 4017 εὐθὺ
866 3949 1050 4044 μεταμῦιειν
1068 3950 1187 4046 ἀνάγκη

113 4051 175 4135 ἐςέ,
187 4045 328 4143 ψευδέσιν
339 4054 493 4150 ἀγγελίαις
508 4047 737 4134 δουλεύσαντες·
748 4057 907 4135 οἱπλεέςοι
919 4058 974 4151 μὲν
985 4054 1045 4153 γέιρ
1055 4068 1117 4126 τῶν
1130 4062 1187 4152 ἐμ·

112 4160 231 4254 πόρων,
244 4157 404 4249 κατάτέις
420 4161 540 4232 ἐκείνων
560 4163 721 4257 ἐπιθυμίας
738 4167 944 4257 πεπλασμένα
957 4162 1186 4257 ἀποκρίνονται.
