3000 5025
313 491 383 559 DE
410 490 539 560 VITA
565 492 710 561 JULII
744 494 988 567 CAESARIS.
1113 489 1211 596 197⁹
1303 532 1311 545 =

128 619 291 717 perplexus
305 622 514 693 utilissimum
528 622 606 693 belli
621 650 725 721 genus
742 624 862 721 elegit„
872 642 926 715 ut,
945 610 1043 700 motis
1056 636 1189 723 castris,

127 730 336 824 inperpetuo
364 724 465 801 motu.
489 747 594 819 esset,
613 722 720 827 neque
747 758 895 828 unquam
921 735 1062 831 amplius
1088 764 1190 835 quam

127 860 219 903 unum
245 836 333 905 diem
354 863 424 907 uno
451 853 577 933 ageret
591 840 625 906 in
642 838 734 928 loco;
757 840 824 911 hoc
845 841 907 911 sibi
931 843 1107 915 consilium
1121 872 1190 917 non

126 965 184 1009 una
194 944 277 1013 ratio
290 946 508 1039 suggerebat3
525 960 665 1015 noverat
680 950 865 1017 exercitum
882 974 979 1017 suum
996 949 1117 1024 fortem
1134 953 1192 1021 du·

127 1063 289 1145 ratumque
312 1050 506 1139 laboribus,
527 1054 768 1147 Pompeianum
788 1079 871 1126 vero
891 1040 1095 1145 molliorem,
1115 1084 1190 1129 vere

126 1170 222 1225 satum
247 1160 284 1225 in
312 1158 469 1248 urbibus,
491 1174 525 1227 et
549 1158 761 1229 discursibus·
776 1163 942 1238 insuetum
962 1188 970 1230 ε
991 1165 1101 1258 itaque
1127 1168 1190 1235 cir·

125 1263 354 1335 cumducendo.
367 1263 460 1335 illum
478 1290 575 1361 posse
598 1264 746 1361 fatigari:
767 1262 986 1363 se‘praterea
1007 1273 1192 1341 mutatione

125 1364 286 1459 locorum,
303 1371 394 1466 quod
416 1372 584 1442 frumenta
602 1372 672 1465 jam
697 1376 731 1442 in
757 1376 845 1468 agris
872 1390 1001 1475 essent,
1023 1377 1191 1450 victurum

124 1478 322 1548 commodius
337 1478 477 1547 urbibus
499 1480 682 1549 exercitum
702 1481 913 1551 confidebat:
929 1480 985 1573 illa
1006 1497 1117 1551 autem
1133 1510 1192 1580 spe

124 1586 323 1675 potissimum
354 1586 574 1669 movebatur,
598 1587 630 1657 si,
656 1586 815 1675 forsitan,
833 1612 868 1657 se
898 1604 1063 1683 vagante,
1087 1590 1192 1682 hostis

123 1691 443 1777 etiammoueretur3
462 1707 496 1761 et
514 1695 560 1761 sic
574 1695 661 1761 inter
679 1693 825 1761 eundum
847 1718 943 1763 casus
959 1694 1075 1789 aliquis
1093 1711 1192 1791 atque

123 1820 273 1867 occursus
288 1813 453 1893 exoptatae
468 1824 588 1894 pugnae
603 1799 765 1869 tribueret
781 1798 981 1870 facultatem.
1001 1804 1045 1869 Et
1059 1803 1111 1871 his
1126 1829 1194 1873 om-

123 1902 208 1973 nibus
236 1904 304 1975 boc
332 1904 488 1975 ultimum
514 1908 645 1993 evenit,
667 1921 720 1994 ut,
740 1908 810 1975 sine
841 1906 994 2001 ampliori
1023 1909 1193 2000 discursu,

122 2032 233 2105 pugnm
263 2011 401 2081 daretur
426 2015 567 2082 occasio.
589 2014 682 2081 Dum
710 2015 800 2083 enim
827 2029 935 2083 castra
964 2030 1134 2104 moturus,
1156 2033 1194 2087 ut

122 2114 325 2207 decreverat,
344 2120 480 2214 signum·
498 2119 642 2189 dedisset
659 2120 802 2207 itineris,
823 2135 858 2189 et
875 2114 945 2214 jam
965 2124 1109 2221 tentoria
1123 2122 1192 2194 vel-

122 2219 280 2295 lerentur:
295 2250 373 2307 ecce
390 2226 459 2319 jam
476 2241 571 2295 mota
582 2227 732 2321 Pompeii
750 2241 859 2297 castra
874 2230 1100 2321 conspiciunt,
1119 2232 1192 2323 qui,

122 2343 153 2401 ut
175 2332 336 2421 diximus,
355 2333 464 2405 victas
491 2335 644 2405 omnium.
668 2334 826 2421 vocibus,
844 2359 905 2403 suo
927 2335 1067 2427 rejecto,
1085 2334 1192 2405 aliena

120 2437 248 2508 consilia
269 2438 488 2534 sequebatur,
506 2453 540 2508 et
560 2454 747 2533 assumpta,
766 2454 806 2508 ut
823 2438 863 2510 fit
878 2426 1061 2514 multorum
1083 2442 1192 2517 horta·

121 2544 219 2635 tibus,
238 2546 377 2635 fiducia,
399 2545 501 2642 paulo
522 2561 601 2616 ante
627 2572 704 2614 eum
727 2547 815 2618 diem
842 2548 875 2614 in
902 2543 1041 2617 consilio
1064 2548 1192 2620 dixerat

32 2679 34 2708 ι
121 2668 328 2742 eventurum,
343 2668 382 2723 ut
403 2668 479 2722 aute
501 2677 717 2748 congressum
737 2655 901 2721 exercitus
919 2655 1059 2723 Caesaris
1079 2657 1190 2724 vinee.

32 2789 33 2850 3
120 2773 225 2828 retur:
240 2760 507 2856 quibusdamque
529 2759 743 2846 mirantibus,
760 2759 949 2846 addiderat,
968 2785 1037 2833 nou
1060 2785 1095 2830 se
1116 2786 1190 2830 nes·

32 2853 34 2884 ‘
121 2865 219 2955 cium,
234 2865 463 2936 incredibilem
489 2869 598 2961 prima
621 2865 705 2934 facie
728 2890 800 2934 rem
822 2865 944 2936 videri:
958 2867 1079 2936 dehinc
1094 2865 1190 2942 latius

32 3015 34 3050 i
121 2971 299 3066 ingressus,
314 2975 483 3068 exposuit,
498 2997 602 3067 quum
625 2974 774 3067 equitatu
795 2970 1024 3062 abundarent,
1046 2976 1190 3044 circum«

32 3109 34 3176 ᾗ
121 3081 219 3148 veniri
247 3105 365 3152 omnes
397 3081 537 3153 Caesaris
564 3081 677 3174 copias
705 3103 776 3148 esse
807 3078 1098 3174 perfacilc;,idque
1129 3082 1190 3151 sibi

121 3199 246 3256 maturo
257 3185 396 3258 consilio
404 3187 474 3280 jam
491 3188 680 3282 provisum3
700 3210 775 3279 quae
791 3211 896 3280 quum
911 3185 1067 3281 pluribus
1080 3189 1190 3257 verbis

32 3327 34 3384 3
122 3291 344 3386 explicuisset:
361 3293 529 3363 Labienus
551 3295 692 3387 incepit,
710 3307 744 3361 et
765 3293 915 3387 Pompeii
929 3296 1127 3363 sententiam
1146 3309 1191 3362 at·

32 3423 34 3456 f
121 3421 179 3489 que
199 3402 384 3494 potentiam
405 3399 557 3472 laudibus
577 3400 620 3468 ad
638 3399 761 3469 coelum
780 3399 906 3487 ferens,
920 3414 955 3468 ct
969 3402 1113 3471 Caesaris
1128 3403 1195 3469 im·-

121 3501 326 3582 becillitatem
352 3507 503 3580 oratione
524 3505 713 3601 deprimens
735 3504 890 3576 insolenti
909 3533 916 3574 :
936 3508 1042 3593 Noli,
1063 3508 1189 3602 inquit,

32 3683 33 3686 Ἴ
121 3635 141 3677 o
160 3615 321 3708 Pompei,
346 3616 434 3702 noli,
456 3619 614 3708 mquam,
629 3619 771 3710 opinari
783 3613 874 3686 tanc
889 3619 1076 3685 exercitam
1096 3615 1189 3688 ellum

32 3705 35 3732 ¹
122 3726 273 3815 assequi
301 3723 456 3794 Galliam
489 3723 779 3815 Germaniamque
800 3720 1017 3816 perdomuit:
1036 3721 1191 3790 ommam

121 3827 275 3917 imcrsm',
296 3843 333 3896 et
351 3825 439 3922 quid
453 3829 579 3922 loquar
594 3832 666 3896 scio
676 3855 689 3914 ;
712 3851 785 3904 noa.
799 3843 851 3896 est
874 3829 948 3913 me,
970 3827 1054 3895 mma·
1071 3827 1191 3899 crede.-

32 3969 34 3974 ·
121 3933 228 4024 ¹tum'or
236 3959 330 4030 pars
351 3933 439 4004 bello
456 3939 561 4030 periit
581 3931 741 4003 diuturno
751 3961 764 4020 ,·
783 3941 973 4003 mormnmr
988 3940 1025 4001 iu
1034 3936 1188 4029 praalais,

32 4107 33 4126 ,
123 4057 185 4108 non
197 4057 387 4111 nascunmr
407 4041 585 4127 bominem
603 4043 703 4110 multi
719 4041 857 4110 domum
877 4039 1026 4126 redtere3
1045 4043 1191 4118 malam

123 4143 225 4224 ltalia
240 4163 323 4223 sum
335 4150 447 4221 relicti
450 4175 463 4235 ,·
482 4149 581 4228 multi
585 4152 754 4243 proxima
772 4148 968 4220 autumnali
971 4149 1190 4241 pestilentia,

942 4265 1006 4355 13³
1057 4335 1066 4349 .
