3000 5025
298 473 372 547 528
596 479 635 546 C.
663 477 809 546 JULII
837 477 1078 546 GAESARIS

296 600 426 687 Ᾱλεξίαν
450 603 564 693 (πόλις
586 600 621 675 δὲ
646 609 709 686 ἐςὶν
740 612 819 682 αὕτη
846 617 906 676 τῶν
923 597 1278 700 Μανδουόίων)ήρξατυ
1306 631 1366 672 πο·

297 716 448 809 ρεόεσθαι,
467 723 532 793 τοῖς
551 726 590 782 τε
599 704 792 808 σκευοφόροις
807 717 886 806 ταχὺ
902 719 935 784 ἐκ
956 725 1013 782 τοῦ
1032 705 1229 807 ςρατοπέδου
1248 706 1369 795 ἐξιέναι,

294 824 346 890 καὶ
368 824 476 905 ἑαυτὸν
495 821 619 890 ἕπεσθαι
631 827 828 915 παρήγγειλε.
843 807 872 888 0
889 814 924 889 δὲ
943 825 1064 912 Καῖσαρ
1079 817 1121 887 τὰ
1138 825 1250 888 ἑαυτοῦ
1266 844 1371 886 σκευο-

294 931 373 1022 φόρα
399 929 439 1006 εἰς
466 930 503 996 τὸ
529 928 657 1002 πλησίον
681 929 748 1023 όρος
766 929 909 1022 ἀγαγὼν,
925 920 980 998 δόο
1000 929 1058 1021 ,μὲν
1081 919 1232 1020 τάγματα
1253 932 1372 1016 φυλακῇ

294 1037 413 1102 τούτων
433 1037 608 1102 κατέλιπεν·
626 1037 719 1113 αὐτὸς
742 1027 797 1117 δέ,
811 1039 881 1102 ὅσον
904 1027 1041 1108 η’δόνατο
1069 1031 1152 1100 κατὰ
1177 1034 1231 1100 τὸν
1250 1033 1375 1125 καιρὸν,

273 1142 367 1232 ..τοὺς
386 1140 548 1234 πολεμίους
570 1131 753 1222 ἐπιδιώξας,
776 1139 960 1234 τρισχιλίους
976 1166 1011 1208 τε
1025 1131 1143 1232 σχεδὸν
1154 1143 1256 1207 αὐτῶν
1271 1142 1305 1206 ἐκ
1319 1148 1375 1216 τῆς

293 1242 560 1342 ὀπισθυφάλαγγος
581 1246 781 1336 κατακόψας,
794 1259 833 1340 τῇ
857 1246 986 1340 θςεραίᾳ
1001 1252 1131 1340 πρὸςπῇ
1146 1234 1263 1337 Ᾰλεξίσρ
1282 1248 1376 1338 ἐςρα-

294 1346 516 1421 τοπεδεόσατο·
532 1356 588 1428 τήν
608 1346 643 1420 δὲ
662 1354 740 1422 θέσιν
757 1358 852 1432 αὐτῆς
867 1353 1115 1446 σκοπησσίμενος,
1132 1349 1184 1418 καὶ
1198 1360 1263 1430 τοῖς
1282 1358 1379 1420 πολε-

296 1460 375 1554 μίοις
389 1455 483 1551 φόίον
493 1455 655 1549 ἐμῶαλὼν,
671 1465 748 1533 ότιή
762 1459 883 1533 ,ἐκείνων
901 1461 1012 1541 ἵππος,
1031 1457 1055 1546 ᾧ
1078 1461 1159 1551 μέρει
1172 1469 1229 1536 τῆς
1243 1462 1377 1550 ςρατιοῒς

296 1567 415 1658 μόλις-α
434 1567 592 1659 ἐθάρρουν,
611 1558 794 1659 διέφθαρτο,
819 1569 890 1643 τοός
913 1570 1082 1644 τεέαυτυῶ
1104 1567 1282 1659 ςρατιώτας
1301 1565 1380 1656 πρὸς

215 1669 220 1678 ’
295 1674 348 1740 τὸν
358 1674 449 1740 πόνον
462 1674 832 1768 παρακαλεσάμενος,τήν
850 1662 981 1750 Ᾰλεξίαν
994 1667 1205 1765 περιτειχίζειν
1221 1663 1378 1746 διενοήθη.

349 1782 476 1848 LXIX.
500 1783 588 1853 Αὕτη
613 1771 648 1846 δὲ
668 1785 687 1853 ή
705 1781 794 1857 πολις
815 1781 845 1844 ἐν
865 1779 1040 1871 ἀκρωνυχίορ
1061 1781 1147 1873 ὅρους
1174 1775 1381 1867 ὑψηλοτάτου

297 1895 411 1968 κεῖται,
427 1886 532 1978 ῶςειεί
552 1889 593 1978 μὴ
618 1884 830 1979 μακροχρονίῳ
843 1888 1038 1977 πολιορκήσει
1052 1889 1109 1952 οὐκ
1126 1886 1189 1962 ἐςιν
1211 1885 1384 1967 ἁλώσιμος.

298 1997 363 2060 Τοῦ
388 1984 423 2058 δὲ
453 1993 539 2084 όρους
562 1995 674 2060 τούτου
706 1995 763 2065 τήν
788 1987 883 2070 πέζαν
915 1982 971 2058 δύο
991 1995 1025 2059 ἐκ
1043 1983 1099 2057 δύο
1117 1998 1213 2082 μερῶν
1239 1997 1387 2081 ποταμοὶ

299 2092 432 2177 έκλυζον.
452 2098 588 2191 Πρόσθεν
612 2091 647 2166 δὲ
670 2111 726 2178 της
750 2100 868 2176 πόλεως
899 2089 1008 2182 πεδιὰς
1031 2097 1109 2190 ἀμφὶ
1130 2099 1202 2174 τοὺς
1226 2098 1387 2190 τέσσαρας

219 2200 222 2206 ’
299 2206 350 2274 καὶ
371 2205 464 2272 εἴκοσι
481 2197 609 2282 ςαδίους
627 2208 664 2272 τὸ
687 2216 783 2297 μῆκος
804 2202 850 2278 ἦν·
867 2207 905 2271 τὸ
926 2196 960 2270 δὲ
977 2205 1087 2272 λοιπθν
1102 2207 1163 2270 πᾶν
1185 2213 1238 2280 τῆς
1259 2201 1389 2284 πόλεως

298 2314 387 2405 μέρος
400 2312 509 2403 λόφοι,
532 2317 566 2378 οὐ
587 2312 666 2378 πολὺ
689 2313 830 2386 ἀλλήλων
851 2303 1016 2393 διεςῶτες,
1035 2310 1087 2378 καὶ
1105 2314 1204 2402 όμυιοι
1227 2310 1264 2376 τὸ
1283 2306 1390 2398 ὕψος,

299 2423 458 2511 περιεῖχον·
476 2419 535 2484 ὑπὸ
551 2409 586 2483 δὲ
601 2419 638 2484 τὸ
657 2425 777 2509 τεῖχος,
791 2420 828 2486 τὸ
847 2428 904 2486 τοῦ
917 2418 1004 2509 όρους
1024 2420 1112 2511 μέρος
1130 2417 1205 2508 πρὸς
1224 2417 1389 2492 ἀνατολὴν

299 2525 450 2618 κείμενον,
463 2525 491 2592 οἱ
510 2525 625 2592 Γάλλοι
639 2536 679 2618 τῇ
702 2535 785 2615 σφῶν
808 2529 924 2618 ςρατιᾷ
944 2524 1179 2617 ἀνεπλήρωσαν,
1195 2522 1309 2615 τσίφρον
1327 2550 1391 2610 τε,

259 2686 261 2690 .
300 2633 352 2700 καὶ
373 2638 473 2723 τεῖχος
496 2626 528 2709 ἐξ
546 2624 651 2699 ποδῶν
680 2633 721 2698 τὸ·
743 2628 819 2721 ὕψος
839 2626 1090 2723 περιεόοίλλοντο.
1115 2632 1241 2707 Ταύτης
1264 2620 1301 2697 δὲ
1321 2641 1391 2709 τῆς

300 2739 541 2832 ὀχυρώσεως,ἢν
561 2739 589 2805 οἱ
611 2723 749 2831 Ῥωμαῖοι
766 2738 901 2822 ἐποίουν,
919 2744 937 2812 ἡ
959 2730 1100 2827 περίοδος
1128 2739 1326 2811 ἐννενήκοντα
1350 2734 1392 2817 ἓξ

300 2838 399 2924 ςσίδια
411 2851 554 2939 περιεῖχε.
574 2847 620 2912 Τὸ
640 2836 675 2910 δὲ
696 2848 796 2911 αὐτῶν
817 2833 1011 2936 ςρατόπεδον
1031 2846 1060 2911 ἐν
1077 2835 1260 2920 ἐπιτηδείοις
1279 2846 1392 2913 ἔκειτο

301 2954 425 3034 τόποις,
444 2953 473 3017 ἐν
488 2956 580 3055 ριύτῷ
599 2976 634 3017 τε
658 2952 786 3043 φροόρια
806 2948 972 3042 εἰκοσιτρία
990 2949 1182 3023 ἐπεποίηντο·
1199 2952 1228 3014 ἐν
1248 2946 1291 3027 οἷς
1310 2954 1396 3041 ήμέ-

303 3086 355 3150 ρας
382 3057 454 3150 μὲν,
480 3057 625 3151 φρουραὶ,
647 3059 692 3149 μή
712 3080 760 3134 τις
782 3052 867 3147 ι’ίφνω
898 3057 957 3123 ὑπὸ
987 3064 1048 3122 τῶν
1076 3054 1228 3148 πολεμίων
1260 3058 1393 3149 γένοιτο

303 3157 407 3242 ἔξοδος
419 3214 428 3243 ,
441 3164 549 3240 νυκτὸς
572 3155 607 3231 δὲ

356 3272 465 3340 LXX.
489 3273 610 3338 Τούτου
623 3261 665 3335 δὲ
686 3268 956 3348 τελεσθέντυς“τοῢ
972 3271 1079 3362 ἔργου,
1095 3268 1272 3360 ἱππομαχία
1285 3272 1317 3334 ἐν
1336 3279 1394 3359 τῷ

303 3372 509 3471 προειρημένῳ
524 3369 622 3462 πεδίῳ
640 3377 771 3469 ἐγένετο.
790 3362 976 3468 Ιῖῥρωμένως
996 3366 1025 3440 δ’
1040 3374 1089 3443 ἐπὶ
1107 3376 1185 3443 πολὺ
1201 3376 1393 3468 ἀμφοτέρων

246 3517 250 3523 ’
303 3486 706 3577 μαχεσαμένων,πονοῶσιν
723 3474 785 3555 ήδη
816 3490 881 3561 τοῖς
905 3487 1017 3549 ἑαυτοῦ
1044 3483 1115 3559 τοὺς
1147 3482 1321 3573 Γερμανοὺς
1344 3483 1395 3563 εἰς

304 3591 476 3683 ἐπικουρίαν
498 3588 719 3680 ἐπεπέμψατο,
735 3588 789 3655 καὶἸ
808 3586 850 3654 τὰ
865 3594 976 3657 ἑαυτοῦ
998 3588 1169 3683 τάγματα,
1184 3589 1226 3679 μή
1253 3589 1291 3655 τὸ
1322 3600 1394 3656 τῶν

213 3776 216 3780 .
304 3697 457 3789 πολεμίων
480 3691 570 3776 πεζὸν
597 3693 682 3787 ἄφνω
700 3689 877 3777 ἐπεξέλθοι,
896 3690 993 3790 ἐξῆγε.
1009 3700 1078 3762 Τῶν
1100 3687 1136 3761 δὲ
1150 3686 1191 3767 δὴ
1211 3694 1392 3788 ταγμάτων

304 3799 543 3887 ἐξεληλυθότων,
558 3809 622 3880 τοῖς
645 3802 697 3893 μὲν
713 3810 771 3878 ποῶΙ
791 3801 946 3894 Καίσαρος
962 3804 1102 3869 ἱππεῦσιν
1117 3807 1133 3869 ὁ
1149 3800 1242 3891 θυμὸς
1255 3795 1391 3897 ηὐξήθη·

305 3913 333 3981 οἱ
353 3902 389 3976 δὲ
412 3911 553 4002 πολέμιοι
577 3908 617 3987 εἰς
637 3911 733 4002 φυγήν
761 3910 944 4001 τραπέντες,
973 3907 1063 3979 αὐτοὶ
1082 3892 1214 3985 ἑαυτοῖς·
1230 3918 1277 3995 τῷ
1302 3917 1392 4000 σφῶν

303 4016 411 4092 πλήθει
426 4008 568 4109 ἐμποδὼν
583 4013 671 4089 ἦσαν.
691 4015 731 4080 Οἱ
747 4006 782 4081 δὲ
803 4014 951 4108 Γερμανοὶ
970 4015 1101 4107 θρασέως
1123 4017 1179 4093 ἕως
1205 4024 1262 4080 τοῦ
1281 4018 1391 4081 αὐτῶν

186 4202 189 4207 ,
303 4127 452 4219 ἐρύματος
473 4123 686 4215 ἐπισπόμενοι,
712 4122 915 4213 παμπόλλους
937 4124 1129 4191 ἀπέκτειναν.
1157 4102 1243 4190 Evam
1265 4111 1300 4187 δὲ
1324 4132 1392 4188 τῶν
