3000 5025
295 506 527 578 DE..VITA
548 508 700 576 JULII
726 506 972 580 CAESARIS.
1135 511 1188 585 ab

84 653 93 673 ⁸
109 638 196 710 omni
213 640 349 729 studio,
370 638 498 710 callidis
512 638 717 710 orationihus
731 638 917 709 AEduorunr
935 644 1098 713 animosa
1114 646 1185 715 Ro-

19 792 20 795 *
109 749 205 817 manis
226 762 405 835 avertere,
426 761 647 832 asserentem,
673 747 864 834 Romanos,
886 748 913 817 si
939 748 1116 821 Heluetios·
1134 754 1185 821 vi-

107 855 222 942 cerint,
246 880 320 923 non
351 852 417 922 illic
448 852 593 923 bellandi
622 851 722 921 linem
757 852 912 921 facturos.
934 879 1028 945 esse,
1061 882 1185 954 nempe

108 957 231 1047 Galliae,
254 964 327 1029 imo
358 961 448 1029 orbis
472 960 515 1029 ad
544 960 720 1053 imperium
745 959 968 1029 anhelantes:
995 964 1136 1056 proinde
1155 966 1187 1034 si

106 1068 230 1158 penitus
254 1065 472 1136 serviendum
488 1067 545 1151 sit,
568 1064 673 1135 multo
695 1067 820 1159 aequius
838 1065 964 1135 AEduos
985 1092 1051 1139 sua
1062 1071 1181 1165 jugum

107 1174 205 1263 gentis
227 1172 362 1242 laturos
380 1198 468 1259 esse,
490 1196 592 1265 quam
615 1186 767 1241 externa.
792 1173 852 1241 His
876 1186 977 1267 atque
997 1174 1119 1245 horum
1138 1180 1185 1247 sie

106 1276 249 1367 milibus,
262 1305 310 1348 ne
328 1280 534 1348 frumentum
552 1280 711 1349 exercitui
731 1293 766 1347 et
783 1281 967 1349 necessaria
979 1279 1134 1373 quaelibet
1147 1285 1182 1351 in

106 1395 256 1478 tempore
284 1400 485 1455 convectent
511 1385 667 1473 obstare3
688 1385 886 1478 quinetiam
902 1386 1073 1456 Helvetios
1094 1387 1181 1459 illius

106 1492 259 1582 precihus
282 1492 449 1586 perfines
469 1494 699 1586 Sequanorum
722 1505 881 1585 negatum
905 1494 1014 1588 primo
1024 1491 1100 1565 ‘iter
1120 1495 1181 1564 ob-

105 1596 256 1685 tinuisse,
273 1598 470 1691 clademque
481 1598 552 1692 ejus
564 1622 667 1694 opera
677 1622 788 1692 nuper
797 1612 970 1693 acceptam
981 1624 1072 1688 esse,
1089 1601 1182 1695 quod

105 1702 166 1794 ipse
189 1704 254 1798 qui
277 1705 465 1799 prefuisset
490 1704 673 1775 AEduorum
702 1704 885 1797 equitatui,
910 1705 1064 1776 simulato
1087 1718 1184 1781 metu

105 1810 227 1901 primus
241 1810 372 1905 fugiens
388 1825 525 1881 caeteros
540 1810 656 1905 sugere
672 1809 846 1881 docuisset.
858 1813 893 1880 Is
904 1826 978 1881 erat
990 1814 1181 1885 Domnorix

19 1910 20 1913 ’
102 1914 209 2005 junior
238 1916 341 1987 frater
372 1918 553 2005 Divitiaci,
579 1919 637 2011 qui
662 1930 744 1988 tunc
766 1916 856 2011 apud
883 1917 1026 2007 AEduos,
1050 1919 1180 2015 collega

19 2110 20 2115 ἵ
104 2022 217 2111 Iiseo,
242 2048 515 2093 summae1·erum
539 2038 700 2118 praerat,
722 2024 882 2117 cujusque
903 2049 983 2119 erga
1006 2028 1178 2099 Romanos
1299 2038 1305 2047 ’

104 2149 138 2195 ac
158 2132 333 2199 Caesarem-
354 2131 593 2224 spectatissima
612 2130 695 2201 fides
715 2145 797 2201 erat
815 2132 861 2199 At
881 2133 1079 2204 Domnoriu⁴
1090 2133 1180 2224 mul«

103 2246 167 2303 tum
190 2262 213 2304 a
234 2236 337 2307 fratre
357 2236 532 2324 diversus,
560 2236 693 2310 occulto
715 2240 948 2309 Romanorum
966 2239 1043 2311 odio
1074 2255 1177 2335 atque

104 2340 330 2415 Helvetiorum
359 2342 470 2415 studio
491 2344 659 2417 aestuabat.
684 2348 773 2416 Nam
795 2359 830 2413 et
854 2343 988 2415 illorum
1012 2346 1176 2441 degente

104 2448 303 2521 nobilissimo
317 2466 427 2522 ortam
446 2451 521 2523 loco
536 2452 713 2549 conjugem
725 2452 889 2524 habebat:
894 2452 942 2532 ad
951 2454 1023 2524 haec
1034 2478 1175 2551 magnas

103 2557 258 2626 amicitias
275 2573 310 2626 et
330 2559 548 2654 finitimarum
561 2562 715 2655 ,gentium
739 2559 905 2648 favorem,
927 2559 1019 2630 domi
1038 2587 1175 2656 quoque

19 2741 20 2746 ἵ
103 2658 138 2728 de
156 2661 376 2759 vectigalibus
398 2665 555 2760 publicis,
577 2669 611 2736 in
633 2667 753 2760 quibus
775 2691 810 2738 se
831 2666 877 2736 illi
891 2666 1048 2737 licitando
1064 2693 1173 2762 oppos

19 2793 20 2850 j
103 2789 172 2838 nere
195 2770 309 2842 nullus
331 2772 488 2861 auderet,
508 2773 551 2843 ad
571 2775 749 2844 immensas
770 2773 901 2847 divitius
921 2797 1066 2867 pronum
1087 2775 1173 2846 iter:

19 2907 20 2918 ¹
103 2870 146 2943 his
166 2901 302 2972 qunque
324 2879 479 2950 omnibus
504 2903 597 2974 spem
616 2903 686 2950 non
715 2879 758 2947 ad
779 2878 883 2948 altum
906 2869 1026 2973 ruodo,
1047 2879 1106 2951 sed
1127 2880 1172 2950 ad

102 3002 264 3056 sumntum
288 2985 433 3078 gradum
448 2988 606 3079 regnique
622 2985 788 3082 fastigium
805 2985 952 3083 osteudi3
964 3011 1037 3080 quae
1049 2998 1171 3058 cuncta

102 3085 300 3179 sibifrivola,
313 3107 413 3186 atque
426 3090 498 3162 alio·
507 3117 672 3180 recasura,
691 3117 832 3165 rontano
846 3093 908 3164 sub
929 3095 1070 3187 imperio
1087 3119 1168 3188 pro·

19 3191 20 3198 '
102 3192 247 3280 videbat,
265 3223 368 3291 super
389 3199 502 3270 omnia
522 3201 751 3274 Romanunm
767 3199 892 3292 judicio
913 3225 949 3270 se
963 3199 1059 3272 fratri
1076 3215 1168 3296 post·

19 3309 20 3334 ³
67 3313 72 3326 ·
102 3295 244 3372 habitum
265 3303 502 3404 indignabatur
522 3329 562 3373 ac
582 3303 737 3377 dolebat:
753 3319 789 3373 et
808 3308 1040 3377 Romanorum
1052 3310 1167 3380 Caesa
1247 3382 1253 3386 ,

19 3443 20 3488 1
103 3405 202 3498 risque
224 3413 434 3502 presentiam
449 3411 595 3499 oderat,
621 3426 720 3506 atque
740 3413 1168 3506 potentiamvehementer

101 3505 258 3586 horrebat
280 3517 414 3604 Quibus
440 3517 539 3588 rebus
561 3519 674 3588 Gresar
691 3519 851 3612 cognitis,
867 3518 958 3612 justa
978 3535 1167 3590 commotus

103 3615 276 3709 iracundia,
301 3624 411 3717 primo
428 3623 564 3717 quidem
572 3623 614 3694 de
631 3626 733 3719 ipsius
744 3624 914 3720 supplicio
929 3627 1096 3719 cogitavit.
1111 3626 1164 3710 Ad

101 3717 156 3792 hoc
177 3724 266 3798 erum
286 3727 417 3823 singula
438 3731 587 3810 anirniun
608 3729 828 3817 inclinabant,
849 3747 885 3802 et
902 3731 985 3805 nihil
1006 3733 1041 3804 in
1062 3731 1164 3805 rebus

103 3844 163 3898 erat
184 3835 356 3930 ambigui:
378 3858 483 3904 unum
495 3837 649 3908 omnibus
667 3837 718 3910 his
737 3837 907 3926 obstabat,
926 3861 1021 3909 arnor
1030 3837 1162 3909 fratris:

19 3961 25 3974 ·
106 3929 172 4008 hinc
198 3955 352 4014 recenter
382 3941 527 4031 distulit,
555 3967 597 4012 ne
621 3945 737 4014 'minus
764 3945 855 4038 apud
883 3969 961 4014 eum
994 3944 1164 4024 videretur

108 4044 224 4135 majoris
241 4047 362 4133 fratris
376 4047 475 4136 fides,
493 4065 593 4144 quam
617 4051 755 4126 minoris
772 4050 912 4144 perfidia
926 4049 1082 4130 ualuisse.
1102 4054 1163 4120 Di·

102 4147 205 4224 unaco
230 4156 334 4250 igitur
342 4170 499 4242 evocato,
509 4170 613 4234 tutam
628 4156 783 4232 fraterne
797 4157 950 4252 nequitie
965 4159 1083 4254 pandit
1095 4158 1162 4236 liis·
