3000 5025
242 468 933 614 INTERPRESGRAECU3.L1I.
961 514 1036 583 111.
1101 511 1177 610 393
1218 593 1222 599 ,

127 650 214 713 πλεῖον
241 652 297 711 τοῦ
320 641 428 737 τρίτου
456 646 562 738 μέρους
589 645 767 729 ἀνελόντες,
786 646 857 722 τοὺς
877 647 1003 724 λοιποὺς
1025 642 1177 741 ἰμρόύους

128 750 161 828 εἰς
176 752 266 845 ρογθν
286 746 434 843 ἔτρεψαν,
452 752 518 819 οὔτ’
538 753 648 831 αὐτοὺς
668 753 696 817 ἰν
717 758 781 829 τοῖς
799 747 902 843 άκροις
925 754 1022 843 μένειν
1041 758 1177 847 συνεχύ-

127 882 217 949 ρησοιν.
236 855 367 935 Πάντας
396 856 450 948 μὲν
476 852 526 925 οὖν
551 858 635 936 τοίιςΥ
650 856 813 948 πολεμίους
841 848 1043 941 νικήσαντες,
1059 860 1111 927 καὶ
1135 859 1178 928 τά

124 964 195 1029 ὅπλα
212 962 393 1056 ἀφελόντες,
412 961 464 1031 ἰπί
484 988 519 1030 τε
544 964 582 1030 τὸ
608 974 690 1054 σφῶν
710 956 924 1057 ςρατύπεδον,
943 964 996 1032 καὶ
1019 966 1057 1032 τὸ
1082 966 1178 1059 ίρυμα

124 1068 354 1162 ἰτανεχύρησαν.
384 1070 508 1143 Ταύτην
536 1061 571 1135 δὲ
601 1072 656 1142 την
687 1070 790 1161 μάχην
817 1070 1179 1164 κατεργασάμενος,καί

124 1176 303 1265 μηκίτι.τῆς
330 1176 430 1266 τύχης
453 1174 614 1268 πειρᾶσθαι
643 1176 827 1266 βουλόμενος
851 1182 868 1242 θ
895 1171 1041 1259 Γάλύας,
1060 1175 1112 1244 καί
1127 1180 1178 1244 ἐπ’

12 1286 14 1323 ³
124 1276 198 1367 άλλιρ
216 1282 269 1373 μίν
291 1305 352 1348 τινι
370 1281 410 1360 εἰς
429 1283 466 1349 τὸ
488 1273 681 1375 ςρατύπεδον
702 1282 817 1365 ἐλθεῖν,
836 1279 940 1361 ἄλλοις
960 1275 995 1349 δὲ
1017 1308 1178 1376 προαπανψ

121 1396 203 1459 τῆοαι
226 1387 402 1482 πράγμασιν
428 1389 635 1480 ἐννοούμενος,
653 1399 694 1483 τῇ
715 1414 749 1455 τε
774 1388 891 1482 μεγάλη
911 1397 972 1457 τῶν
997 1380 1178 1463 ἐπιτηδείων

120 1492 240 1561 ἐνταῦθα
265 1494 339 1587 σύσιρ
363 1493 478 1587 ἀπορίᾳ
500 1494 679 1590 ἐκπλαγεὶς,
698 1506 738 1589 τῇ
765 1495 819 1587 μὲν
846 1494 973 1587 ιλςεραίᾳ
1001 1496 1107 1562 πάντα
1137 1493 1180 1564 τίι

120 1601 227 1678 ταύτης
244 1610 301 1678 τῆς
320 1602 424 1691 κώμης
452 1592 687 1693 οἰκοδομήματα
712 1590 927 1693 καταφλέξας,
946 1602 986 1679 εἰς
1005 1604 1062 1675 τὴν
1084 1604 1179 1695 ἐπαρ-

119 1703 179 1795 χίαν
195 1706 319 1799 άπῇρεν·
336 1697 456 1785 οὐδενὸς
474 1698 509 1773 δὲ
526 1706 690 1799 πολεμίου,
705 1718 761 1785 τῆς
780 1699 855 1775 ὁδοῦ
873 1709 966 1777 αὐτὸν
985 1709 1181 1805 άποκωλύον·

72 1890 74 1897 Ι
119 1814 236 1895 τος,·.τὸ
266 1811 374 1907 τάγμα
398 1822 475 1880 σῶον
500 1811 540 1893 εἰς
567 1815 638 1889 τοὺς
666 1802 866 1899 Ᾰντουάτας,
883 1813 1043 1881 κάντεῢθεν
1062 1813 1103 1893 εἰς
1121 1815 1179 1891 τὴν

117 1912 174 1983 τῶν
186 1906 393 2012 Ᾰλλοὲρύγων,
405 1921 506 2011 χώραν
522 1919 660 2014 ἀγαγὼν,
678 1919 810 1987 ἐνταῦθα
826 1919 1043 2013 παρεχείμασε.
1119 2011 1122 2020 Ι

163 2026 241 2093 VII.
261 2027 387 2093 Τούτων
416 2017 451 2091 δὲ
478 2026 780 2120 καταπραχθίντιον,
802 2026 854 2093 καὶ
871 2018 925 2093 διὰ
951 2027 1053 2105 παίσας
1080 2025 1180 2105 αἰτίας

116 2132 166 2203 τὴν
197 2130 354 2199 Γαλατίαν
384 2130 561 2224 εἰρηνεῒσθαι
591 2124 766 2225 νομίζοντος
797 2133 981 2227 Καίσαρος,
1009 2158 1182 2226 κατεςραμ·
1241 2191 1245 2195 .

116 2238 206 2327 μένων
226 2244 288 2305 τῶν
308 2241 448 2332 Βελγῶν,
467 2238 699 2317 άπελασθέντων
719 2243 754 2307 ἐκ
772 2250 828 2317 τῆς
847 2239 1005 2319 Γαλατίας
1022 2248 1085 2307 τῶν
1105 2241 1179 2333 Γερ-

114 2353 229 2434 μανῶν,
240 2342 437 2417 ἡττηθέντων
448 2336 483 2413 δί
497 2347 526 2411 ἐν
540 2350 604 2423 τοῖς
620 2327 740 2418 Ᾰλπεσι
753 2356 815 2413 τῶν
830 2338 1006 2428 Σηδούνων,
1019 2346 1071 2414 καὶ
1082 2348 1180 2424 οὕτως

113 2449 278 2544 ἀρχομένου
295 2459 351 2518 τοῦ
368 2461 534 2544 χειμῶνος,
550 2451 589 2530 εἰς
605 2454 662 2526 τὴν
683 2438 840 2547 ἰλλυρικην
860 2453 1055 2546 ἀπάραντος,
1069 2446 1182 2537 (ἠθού-

111 2559 180 2626 λετο
201 2558 255 2648 μὲν
277 2555 335 2651 γίιρ
354 2558 511 2626 ταῦτάτε
531 2555 572 2626 τὰ
591 2558 657 2633 ἔθνη
678 2551 768 2642 ἰδεῖν,
787 2559 839 2626 καὶ
863 2563 964 2627 αὐτῶν
987 2563 1048 2648 ,τὴν
1078 2562 1179 2654 χώραν

112 2659 284 2756 γινώσκειν)
304 2660 397 2742 ἄλλος
416 2664 500 2743 εὐθὺς
519 2667 548 2737 ἰν
573 2675 613 2759 τῇ
633 2663 775 2756 Γαλατίᾳ
792 2665 926 2757 πόλεμος
944 2669 1126 2760 συνιρρύγη·
1146 2663 1181 2732 οὗ

112 2767 195 2836 αἰτία
213 2772 309 2842 αὕτη.
321 2771 449 2863 ἐγένετο·
470 2777 487 2838 ὁ
507 2771 560 2863 μὲν
584 2769 643 2864 γὰρ
663 2769 819 2849 Πούπλιος
842 2769 1005 2864 Κράσσος,
1024 2771 1099 2864 ἀνὴρ
1116 2772 1180 2848 νέος

111 2873 195 2966 μετδιΙ
214 2885 272 2944 τοῦ
293 2867 427 2969 ίίίδύμου
453 2876 614 2972 τάγματος
633 2879 663 2943 ἰν
683 2886 722 2970 τῇ
741 2885 804 2944 τῶν
823 2865 957 2958 Ᾰνδῶν,
974 2876 1103 2954 πλησίον
1123 2886 1181 2944 τοῦ

110 2965 249 3050 Ωκεανοῦ
265 2981 449 3067 οἰκούντων,
462 2975 693 3076 παρεχείμαζεν.
713 2981 816 3062 Οὗτος
835 2974 865 3048 δ’
881 2974 989 3055 ,ἐπειδὴ
1009 2985 1039 3050 ἐν
1057 2971 1180 3064 τούτοις
1256 3069 1261 3074 .

114 3093 176 3165 τοῖς
192 3088 313 3183 χωρίοις
322 3088 488 3168 σπανιότης
503 3090 590 3156 σίτου
600 3081 699 3156 ἐδόκει
714 3085 804 3174 εἶναι,
815 3087 968 3182 άρχοντάς
982 3115 1017 3159 τε
1027 3097 1089 3156 τῶν
1100 3118 1181 3183 τριε-

112 3201 252 3277 τιωτῶν,
276 3192 328 3262 καὶ
346 3194 521 3288 χιλιάρχους
540 3196 671 3273 πολλοὺς
691 3196 730 3274 εἰς
749 3194 806 3273 τὰς
825 3197 914 3291 ἐγγὺς
932 3197 1052 3279 πόλεις,
1071 3195 1181 3270 ίπὶτίι

110 3291 276 3374 ἐπιτήδειοι
295 3291 475 3392 διέπεμψεν,
502 3304 531 3368 ἐν
562 3299 605 3380 οἷς
628 3303 680 3369 καὶ
703 3300 797 3380 Τίτος
823 3303 877 3394 μὲν
903 3293 1100 3396 Τερρασίδιος
1111 3345 1128 3385 ,·
1140 3301 1180 3382 εἰς

110 3408 165 3480 τὴν
190 3413 266 3478 τῶν,
279 3405 449 3474 Ούνίλλων·
469 3407 596 3501 Μάρκος
616 3399 658 3474 δὲγ
674 3401 806 3502 Τρηύιος
829 3408 965 3492 Γάλλος,
983 3408 1024 3486 εἰς
1042 3411 1099 3482 τὴν
1118 3415 1181 3476 τῶν

109 3510 365 3606 Κυυριοσολίτων·
382 3517 398 3578 ὁ
413 3503 447 3579 δί
462 3509 592 3591 Κοίντος
605 3504 771 3597 Βηλάνιος,
783 3511 864 3607 μετὰ
878 3524 935 3581 τοῦ
948 3513 1045 3585 Τίτον
1057 3499 1180 3598 Σιλίου,

109 3617 148 3696 εἰς
171 3621 311 3694 τὴντῶν
331 3619 488 3686 Οὐενετῶν
506 3623 609 3713 χώραν
629 3621 838 3712 ἐπέμφθησαν.
863 3643 866 3650 ·

160 3725 259 3792 VIII.
268 3708 298 3790 H
308 3715 343 3790 δὲ
352 3725 440 3801 πύλις
451 3728 552 3793 αὐτῶν
560 3725 660 3804 πάσης
668 3737 724 3805 τῆς
732 3725 985 3818 παραθαλασσίας
996 3727 1113 3804 ταύτης
1125 3713 1181 3805 τῆς

108 3832 210 3924 χώρας
222 3823 428 3905 δυνατωτάτη
441 3831 499 3910 ἐςί·
512 3842 633 3926 πρῶτον
653 3829 728 3924 μὶν,
742 3835 792 3898 ὅτι
808 3858 844 3900 τε
858 3831 975 3910 πολλὰς
985 3843 1057 3911 ναῦς
1069 3832 1182 3900 υἱοθε-

109 3935 209 4018 νετοί,
220 3933 267 4016 αἷς
279 3935 318 4015 εἰς
329 3939 385 4010 τὴν
395 3936 582 4032 Βρηταννίαν
593 3937 713 4017 εἰώθασι
722 3945 820 4023 πλεῖν,
828 3940 1009 4020 κέκτηνται,
1020 3938 1072 4006 καὶ
1083 3942 1183 4031 ἐμπει-

60 4091 63 4098 -
108 4042 157 4137 ρίᾳ
171 4048 234 4109 τῶν
249 4051 398 4111 ναυτικῶν
409 4043 479 4123 τοθς
493 4041 603 4123 ἄλλους
613 4043 833 4138 ὑπεραίρουσιν·
848 4046 956 4113 ἔπειτα
967 4037 1019 4130 δὲ,
1028 4048 1078 4113 ὅτι
1096 4048 1125 4112 ἰν
1139 4055 1180 4138 τῇ

108 4147 1181 4247 μεγαλῃτῆςθαλάσσηςὸρμῇτεκαὶεύρύτητιύλίγωνἰνύντωνύρμων,
