3000 5025
162 1065 171 1123 1

292 462 337 539 52
501 468 530 534 1
559 464 716 534 CELSI
744 452 1145 533 ΟΟΜΜΕΝΤΑΒΙΙ

288 616 391 673 tanta
406 614 460 669 est
472 600 662 667 clementio
659 612 749 684 ’,133
772 599 910 682 Cesar,
929 595 1182 690 quontafamo
1196 596 1365 691 loqm'tzu,

286 715 319 777 si
345 708 491 777 salutem
514 704 613 773 uobis
635 650 775 787 tribuis,
798 718 839 771 ut
860 726 962 771 armo
986 727 1056 773 uon
1082 702 1249 795 auferes:
1265 708 1373 773 vicmi

287 821 375 885 euim
398 817 510 883 nostri
524 810 733 901 omnesfere
749 834 815 879 uos
835 809 997 896 oderunt,
1018 809 1183 904 nobisque
1201 810 1366 897 invident,

209 924 212 936 “
288 945 313 991 a
326 921 448 1016 quibus
463 942 527 996 uos
534 970 545 1005 ,
564 922 700 987 omissis
713 922 836 1003 armis,
845 932 1031 1012 protegere
1043 940 1271 1010 nequeamus:
1285 920 1370 990 abb-

287 1034 370 1123 qm'u
383 1024 570 1123 optabilius
582 1039 653 1111 est,
675 1022 844 1117 qudquid
854 1023 1021 1092 bbioeruu
1034 1022 1133 1093 uobis
1147 1022 1275 1092 rabbus
1284 1029 1370 1093 ui'ris

280 1140 381 1231 poti,
396 1156 501 1228 quom
522 1132 696 1226 supplebis
714 1130 767 1199 od
781 1154 897 1199 necem
919 1129 1003 1199 dedi
1017 1130 1065 1198 ab
1084 1134 1143 1217 iis,
1166 1130 1368 1223 qmbusim·

280 1264 411 1337 perare
433 1244 672 1309 consuevimus.
691 1236 746 1305 Ad
764 1236 836 1305 haec
857 1237 985 1317 Caesar:
1004 1239 1220 1322 Servussem‚
1244 1238 1369 1330 inquit,

287 1372 352 1417 uos
379 1347 552 1434 libentius,
575 1349 613 1421 si,
625 1367 690 1437 ups
711 1342 942 1428 dedidisseu's,
964 1358 1151 1437 urueqtiom
1162 1348 1273 1414 muris
1292 1368 1369 1413 mo·

288 1454 408 1524 obruas
419 1452 653 1526 admoverem:
667 1450 775 1519 sedet
783 1449 1025 1526 mmcservobo
1039 1454 1260 1544 magisqueiu
1268 1450 1370 1520 uobis

287 1578 450 1641 normam
468 1581 663 1651 moremque
684 1581 813 1644 meum,
825 1580 943 1650 ‘quom
967 1562 1121 1636 merinuu
1142 1572 1293 1627 uestrum
1314 1582 1368 1627 se·

286 1692 395 1762 quar,·
409 1673 461 1735 ito
474 1682 608 1751 tomen,
622 1678 663 1732 ut
674 1669 936 1733 siuearmorum
951 1664 1135 1733 traditione
1152 1663 1280 1733 deditm
1297 1688 1370 1752 nou

278 1775 461 1871 procedat.
477 1774 573 1843 Nam
584 1770 681 1865 quod
688 1770 738 1847 de¹
744 1769 824 1840 odio
833 1775 1021 1848 eremorum
1032 1769 1144 1839 dunis
1150 1821 1162 1855 ,
1177 1771 1369 1841 curandum

286 1882 369 1950 milii
380 1882 542 1973 bisquite:
561 1903 625 1971 ego
640 1877 860 1946 mdemm'tati
866 1894 994 1947 oesiroe
999 1876 1210 1972 providebo,
1228 1880 1370 1947 uuNer·

287 1994 412 2061 vrorum
422 1985 578 2082 providi,
590 1983 747 2075 jubendo
752 1984 919 2073 finitumis
928 2038 939 2071 ,
955 2007 1002 2052 ue
1019 2007 1084 2053 uos
1105 1983 1251 2057 laedout..
1264 1987 1369 2054 Iussu

284 2120 382 2178 meo,
403 2116 509 2186 quiam
525 2096 647 2161 vestris
663 2095 770 2158 armis
779 2140 790 2175 ,
809 2094 903 2158 eritis
921 2095 1071 2165 tectiores.
1089 2093 1163 2159 Hoc
1180 2106 1368 2186 precepto,

286 2203 337 2269 vis
358 2223 530 2269 armorum
550 2198 666 2290 ingens
688 2195 827 2280 tradito3
846 2196 904 2266 sed
926 2211 961 2265 et
981 2220 1103 2291 magna
1123 2220 1200 2291 pars
1218 2212 1367 2287 retenta,

286 2304 541 2400 atqueabdita,
561 2318 599 2371 ut
619 2302 661 2370 ab
681 2304 720 2371 iis
738 2305 797 2396 qui
816 2318 907 2373 metu
929 2301 1024 2388 belli,
1043 2328 1113 2379 non
1136 2328 1257 2378 amore,
1273 2309 1367 2398 pacis

285 2413 488 2507 agebantur3
508 2409 666 2479 traditum
683 2434 816 2503 quoque
828 2410 999 2505 oppidum.
1019 2412 1064 2477 Et
1080 2412 1210 2503 quietus
1226 2409 1280 2484 1113
1296 2412 1366 2482 dies

286 2521 367 2607 fuit,
378 2534 477 2588 nocte
490 2519 641 2613 proxima
654 2516 898 2595 Caesarmilites
911 2541 989 2586 suos
1001 2518 1104 2586 muris
1115 2516 1228 2612 egredi
1240 2517 1366 2592 clandi-

286 2651 351 2721 que
372 2640 486 2721 portas
504 2625 665 2718 jusserat,
684 2623 824 2717 nequid
843 2623 971 2716 injuriae
992 2625 1080 2708 cives
1098 2649 1116 2692 3
1137 2623 1294 2694 militibus
1310 2652 1367 2723 pa-

285 2747 456 2803 serentur:
474 2731 532 2800 sed
543 2731 622 2808 huic
635 2732 796 2803 Caesareae
807 2731 922 2824 pietati
939 2731 1097 2811 hostium,
1107 2730 1197 2800 fraus
1213 2731 1365 2824 objectus

285 2855 367 2909 erat.
390 2843 507 2932 ltaque
532 2837 706 2908 barbarica
728 2837 880 2926 levitate,
900 2851 1029 2906 mutato
1050 2838 1367 2932 repenteconsilio,

256 3039 258 3045 ,
285 2944 514 3016 rebellarunt:
537 2969 644 3038 neque
668 2945 788 3018 victori
813 2942 983 3038 oppidum,
997 2943 1169 3020 abstulisse
1197 2949 1368 3037 contenti,

288 3067 396 3122 castra
410 3053 509 3120 etiam
525 3053 691 3138 invasere,
706 3052 959 3144 tantoimpetu,
973 3063 1133 3142 tantoque
1146 3051 1283 3140 ardore,
1295 3078 1367 3123 non

287 3159 389 3228 modo
414 3150 531 3227 contr‘a
549 3163 723 3228 romanam
746 3157 922 3242 virtutem,
940 3155 998 3225 sed
1019 3170 1136 3227 contra
1157 3158 1367 3252 iniquitatem

287 3270 387 3336 etiam
408 3264 579 3351 locorum,
596 3277 636 3332 ut
656 3262 751 3332 facile
771 3243 965 3356 appireret,
978 3263 1191 3356 desperantes
1203 3265 1251 3344 de
1255 3265 1367 3346 salute

287 3397 447 3492 pugnure.
461 3375 511 3440 Eo
526 3394 725 3465 congressu,
744 3366 1367 3489 33111133313331333311113333131333,

289 3481 415 3550 caeteris
440 3481 529 3546 intra
554 3475 715 3596 oppidum
743 3474 943 3569 compulsis,
965 3478 1024 3546 sic
1037 3478 1130 3546 omni
1150 3481 1296 3574 penitus
1307 3506 1368 3576 spe

289 3588 436 3682 abjecta,
445 3599 498 3672 ut,
514 3583 567 3652 d1e
576 3605 741 3678 proxima
755 3581 984 3675 frangentibus
999 3598 1113 3678 portas
1125 3585 1286 3654 Romanis
1299 3587 1371 3656 nnl-

288 3694 339 3763 lus
358 3692 543 3766 obstiterit:
564 3703 697 3783 captum
718 3687 903 3782 oppidum3·
921 3690 1112 3783 venditique
1133 3715 1267 3781 omnes,
1284 3717 1369 3788 quo-

288 3825 364 3872 rum
388 3797 520 3868 turham
546 3797 785 3889 quinquaginta
806 3796 908 3863 trium
935 3795 1075 3866 millium
1104 3822 1281 3882 numerum
1304 3803 1367 3870 im-

288 3907 396 4002 plesse
413 3915 622 3998 compertum
644 3899 715 3968 fuit.
739 3904 803 3969 Per
824 3903 958 3972 eosdem
976 3903 1046 3972 dies
1060 3902 1203 4000 aulegato
1226 3909 1369 3992 Caesaris

287 4017 325 4093 Ρ.
347 4015 489 4099 Crasso,
508 4033 607 4102 quem
622 4007 783 4076 modoad
806 4011 973 4097 Venetos,
993 4009 1368 4107 aliosquequamplures

290 4119 431 4216 populos
458 4117 514 4212 qui
543 4128 728 4188 extremum
748 4115 905 4196 accolunt
925 4120 1120 4210 Oceanum,
1142 4121 1368 4214 premiserat,
