3000 5025
312 424 383 525 176
518 428 547 494 J.
576 420 732 493 censi
760 407 1153 493 conuenienti

304 573 437 649 essent,
461 560 702 655 premissisque
728 555 831 646 clam,
849 580 922 650 quae
945 570 1027 625 tuno
1048 556 1208 644 aderant,
1227 558 1380 629 cohorti·

304 668 385 751 bus;
397 691 439 736 ne
454 691 554 760 quam
573 665 651 735 novi
667 679 778 733 motus
795 663 986 758 opinionem
1004 662 1139 732 turbido
1152 663 1272 732 habitu
1291 691 1381 759 prae·

303 774 414 861 heret,
430 772 484 843 die
506 771 560 841 illa
579 787 613 857 et
631 772 787 842 convivio
805 785 838 840 et
856 769 1052 864 ¹spectaculis
1068 771 1194 839 otiosus
1207 771 1380 855 interfuit3

303 905 378 949 sero
397 894 536 967 autem,
561 877 768 947 clandestino
793 901 944 973 egressu,
966 890 1131 946 secretum
1155 878 1237 965 iter,
1261 880 1381 971 paucis

303 988 500 1074 comitatus,
515 987 677 1080 arripuit:
697 986 731 1053 in
750 1010 817 1079 quo
837 1008 942 1078 quum
959 997 1032 1053 tota
1053 997 1152 1053 nocte
1170 973 1381 1075 deerrasset,

301 1095 358 1177 uin
378 1092 419 1177 ad
440 1116 595 1161 auroram
617 1092 678 1161 viae
702 1091 822 1160 ducem
848 1114 943 1162 casus
965 1090 1116 1159 obtulit:
1137 1114 1204 1184 quo
1228 1094 1381 1183 praevio,

301 1200 344 1269 ad
363 1212 493 1269 rectum
513 1201 578 1267 iter
599 1197 759 1293 perplexo
771 1224 810 1267 ac
823 1195 953 1267 difficili
971 1195 1053 1265 calle
1071 1220 1243 1283 reversus,
1258 1200 1380 1267 inven-

300 1308 408 1401 tisque
426 1306 639 1392 cohortibus,
654 1330 736 1399 quas
748 1305 973 1398 praemiserat,
984 1302 1027 1371 ad
1040 1303 1247 1371 Rubiconem
1262 1307 1380 1394 venit,

241 1470 246 1487 ,
296 1410 433 1493 vamnem
449 1413 625 1505 exiguum,
638 1410 696 1480 sed
713 1434 910 1505 magnarum
926 1424 1007 1479 tunc
1023 1408 1161 1478 limitem
1178 1412 1376 1503 regionum,

299 1520 357 1587 ubi
371 1501 562 1613 'parumper
579 1516 826 1612 cogitabundus
841 1516 988 1585 substitit
998 1540 1136 1603 ‚secum
1155 1517 1277 1585 tacitus
1298 1543 1378 1587 exa·

252 1698 253 1703 ,
299 1625 428 1695 minans
450 1638 615 1719 quantum
635 1648 720 1718 opus
743 1622 1013 1716 aggrederetur:
1035 1621 1171 1691 tandem
1185 1640 1310 1692 *tersus
1330 1626 1379 1693 ad

298 1733 458 1801 comites:
475 1730 603 1799 Adbuc
611 1784 623 1818 ,
645 1730 897 1824 inquit,coept125
918 1728 1110 1816 absistere,
1131 1752 1177 1797 ac
1193 1736 1319 1799 reverti
1333 1734 1377 1800 li-

220 1828 223 1833 ’
296 1854 379 1908 cet:
406 1851 448 1906 at
476 1842 510 1905 si
531 1842 637 1907 rivum
664 1837 754 1905 hunc
782 1834 1069 1930 transgredimur,
1085 1834 1192 1928 ferro
1217 1837 1377 1930 gerenda

297 1944 397 2015 nobis
414 1957 516 2013 erunt
531 1947 657 2013 omnia.
679 1943 733 2011 Ibi
752 1942 881 2011 baerens
905 1940 1094 2036 dubiusque
1114 1943 1237 2028 animi,
1261 1942 1378 2036 hujus·

297 2048 430 2119 cemodi
453 2049 581 2117 visione
608 2047 763 2117 firmatus
781 2064 832 2129 est
854 2073 861 2115 ε
885 2047 1020 2141 quidam
1042 2048 1116 2117 sibi·
1131 2062 1166 2117 et
1186 2062 1316 2118 statura
1339 2066 1378 2119 et

297 2156 408 2252 specie
426 2156 577 2249 corporis
592 2178 692 2249 supra
703 2153 888 2223 humanum
907 2155 1046 2225 modum
1064 2156 1178 2224 subito
1192 2156 1283 2223 visus
1302 2171 1376 2245 est,

296 2264 355 2357 qui
375 2262 481 2332 amnis
503 2260 546 2330 ad
565 2262 673 2355 ripam
697 2260 833 2349 sedens,
854 2263 1002 2355 pastoria
1023 2260 1258 2331 modulabatur
1276 2285 1377 2331 anm·

296 2367 398 2456 dine3
416 2367 459 2437 ad
480 2391 604 2461 quem,
627 2380 668 2434 ut
687 2366 812 2437 animal
834 2392 903 2436 non
927 2371 1057 2454 visum,
1080 2393 1185 2461 quum
1203 2381 1236 2435 et
1258 2383 1371 2462 pasto-

295 2500 349 2544 res
375 2473 526 2544 locorum
553 2487 587 2543 et
605 2474 740 2568 quidam
769 2497 902 2569 quoque
928 2474 1072 2545 militum
1097 2477 1374 2564 concurrissent,

298 2579 353 2650 ille
371 2583 485 2651 subito
503 2581 602 2650 unius
626 2607 646 2650 e
666 2606 769 2650 manu
790 2583 966 2650 tibicinum
990 2596 1124 2676 arrepta
1148 2582 1250 2670 tuba,
1268 2582 1373 2651 vehe-

258 2763 260 2767 .
295 2690 400 2758 menti
429 2687 511 2772 flatu
540 2689 727 2783 increpuit,
748 2689 981 2783 gurgitemque
1014 2690 1234 2783 pertransiit:
1258 2703 1373 2760 motus

212 2798 214 2802 ’
294 2796 407 2864 Caesar
429 2793 619 2888 spectaculo
635 2819 642 2862 ε
657 2797 776 2864 Eamr
793 2819 894 2890 ergo,
916 2796 981 2882 ait,
1002 2820 1072 2889 quo
1094 2793 1235 2863 deorum
1246 2796 1371 2890 prodi·

289 2905 355 2993 gia
372 2917 478 2996 atque
502 2901 649 2971 bostium
672 2916 783 2970 occat
810 2907 998 2995 mt'quitas,
1020 2917 1061 2970 ut
1078 2917 1197 2996 coepta
1223 2926 1279 2970 res
1305 2917 1367 2970 est.

293 3008 374 3076 Haec
392 3006 504 3075 dicens
522 3007 654 3076 transiit
671 3031 711 3076 ac
730 3006 878 3077 traduxit
896 3009 1098 3095 exercitum,
1111 3008 1371 3101 Ariminumque

291 3113 413 3181 urbem
436 3113 624 3206 proximam
645 3111 744 3208 longa
762 3138 844 3209 pace
862 3112 1075 3206 tranquillam
1102 3115 1234 3208 attigit3
1253 3128 1287 3182 et
1315 3140 1371 3208 pa-

292 3219 438 3288 tentibus
461 3220 568 3312 portis
592 3221 832 3315 introgressus,
854 3220 996 3288 tribunis
1019 3219 1144 3314 plebis,
1164 3222 1243 3314 qui,
1265 3244 1369 3316 prop·

292 3337 344 3392 ter
362 3325 433 3418 ejus
451 3324 566 3396 odium
585 3324 690 3421 pulsi,
711 3327 774 3395 sibi
793 3325 928 3394 obviam
946 3328 1145 3415 veniebant,
1162 3327 1367 3416 astantibus,

291 3433 487 3530 concionem
504 3432 623 3500 habuit
635 3432 677 3501 ad
699 3434 890 3502 exercitum.
913 3433 1035 3525 Lapis,
1048 3458 1102 3501 me
1113 3458 1234 3526 puero,
1254 3447 1367 3503 osten-

290 3536 511 3628 tabatur,fori
522 3538 648 3626 medio,
660 3537 718 3606 ubi
735 3541 848 3622 Caesar
869 3521 1086 3609 concionatus
1098 3538 1275 3608 ferebatur.
1289 3542 1368 3608 Fuit

290 3657 401 3712 autem
418 3647 539 3714 ‘concio
556 3644 801 3732 efficacissima,
815 3645 915 3713 scissa
928 3636 1077 3733 (ferunt)
1089 3661 1197 3734 veste,
1212 3647 1366 3740 verisque

291 3774 350 3826 seu
367 3749 454 3820 fictis
473 3776 550 3820 cum
570 3750 739 3843 lacrymis,
760 3750 804 3818 ad
822 3775 916 3820 suam
937 3750 1130 3846 dignitatem
1149 3767 1268 3822 contra
1280 3753 1364 3822 invi·

290 3855 379 3925 diam
401 3857 548 3926 hostium
570 3857 834 3926 conservandam
855 3857 955 3928 fidem
977 3858 1119 3928 militum
1139 3858 1363 3954 implorantis,

288 3975 324 4031 et
334 3965 480 4056 ingentia
495 3963 726 4058 promittentis.
741 3965 907 4034 Caesarem
919 3966 1060 4034 Arimini
1068 3980 1221 4059 agentem
1237 3967 1362 4036 Lucius

289 4069 401 4140 Caesar
425 4067 616 4143 adolescens
638 4071 734 4169 adiit,
757 4074 814 4165 qui
835 4086 964 4166 partem
987 4071 1133 4142 habebat
1153 4075 1292 4144 Caesaris
1316 4071 1359 4142 le·
