3000 5025
285 490 360 565 326
666 489 985 560 PLUTARCHI

282 626 345 724 χάρ
331 652 379 719 ριτ
380 652 420 703 ες.
437 622 536 691 OQ
502 650 560 719 γαρ
577 624 668 716 μόνον
684 622 780 697 ἐσώθη
795 649 864 716 περι
851 618 1071 718 Φάρσαλον
1054 622 1116 689 απὸ
1129 627 1187 699 της
1197 599 1376 711 Πομπηιου

1485 541 1487 622 Q

1486 626 1487 740 Q

238 717 248 738 ’
283 743 398 826 φυγῆς,
416 723 487 799 οὐδὲ
514 732 646 809 πολλοὺς
675 738 737 797 τῶν
764 721 946 804 ἐπιτηδείων
976 730 1086 796 ἔσωσεν
1113 721 1379 819 ἐξαιτησάμενος,
1486 771 1487 778 1

284 838 364 907 ἀλλὰ
381 838 433 906 καὶ
449 837 534 918 πίςιν
555 834 615 931 εἶχε
632 819 781 967 μεγάλην
787 839 861 930 παρ’
877 839 974 923 αὐτῷ.
988 835 1094 913 Καὶς
1072 832 1243 930 ςρατηχίαν
1264 833 1323 926 μὲν
1344 833 1377 899 ἐν
1486 909 1488 912 v

284 953 348 1024 τοῖς
369 946 443 1014 τότε
457 949 513 1020 τήν
535 943 762 1037 ἐπιμανοςάτην
772 939 930 1027 ’,ἕλαύεν
943 904 1156 1011 ύπατεύεινδ’
1180 943 1307 1035 ἔμελλεν
1336 938 1381 1018 εἰς
1424 960 1427 967 ·

284 1054 435 1145 τέταρτον
456 1052 545 1137 ἔτος,
560 1051 715 1145 ἐρίσαντος
733 1049 873 1118 Κασσίου
895 1048 1105 1144 προτιμηθείς.
1119 1050 1257 1143 Λέγεται
1275 1044 1341 1142 γὰρ
1363 1051 1381 1111 Q

284 1162 406 1251 Καῖσαρ
421 1159 532 1242 εἰπεῖν,
548 1166 587 1237 ὡς
612 1150 886 1253 δικαιώτεραλίχοι
909 1157 964 1250 μὲν
979 1157 1131 1238 Κάσσιος,
1154 1156 1247 1233 αὐτὸς
1268 1155 1383 1248 μέντοι
1488 1229 1489 1234 ¹

285 1268 419 1360 Βροῦτον
435 1270 490 1333 οὐκ
505 1260 540 1332 QQ
555 1265 714 1359 παρελθοι.
730 1266 796 1333 Καί
806 1290 883 1348 ποτε
896 1264 950 1331 καὶ
963 1255 1197 1331 διαύαλλύντων
1211 1270 1305 1329 τινῶν
1323 1262 1382 1327 τὸν

286 1362 401 1466 ἄνδρα,
419 1375 634 1465 πραττομένης
648 1364 710 1446 ἤδη
734 1382 791 1451 τῆς
810 1370 1016 1463 συνωμοσίας,
1032 1374 1067 1437 οὐ
1087 1370 1278 1462 προσέσχεν,
1295 1366 1385 1434 ἀλλὰ
1488 1420 1489 1423 ι

285 1489 342 1545 τοῦ
361 1480 504 1571 σώματος
522 1485 564 1572 τῇ
590 1478 667 1569 χειρὶ
692 1478 805 1572 θίχων,
834 1480 890 1568 ἔφη
922 1478 998 1569 πρὸς
1026 1477 1098 1552 τοὺς
1125 1469 1384 1555 διαύαλλοντας,

291 1613 308 1649 <Q
331 1575 485 1677 Ᾱναμενεῒ
499 1596 593 1655 τοῦτο
617 1585 654 1652 τὸ
674 1574 774 1677 δέρμα
794 1587 939 1675 Βροῦτος·
957 1611 977 1648 η
993 1587 1034 1660 Q<
1048 1576 1132 1658 άὶιον
1149 1582 1204 1673 μὲν
1223 1582 1304 1649 ὄντα
1324 1589 1385 1659 τῆς

288 1692 384 1786 ἀρχῆς
400 1681 442 1759 δι’
459 1692 591 1785 αἱρετὴν,
607 1682 660 1756 διὰ
680 1682 789 1763 δὲτὴν
806 1686 903 1781 ἀρχὴν
922 1692 978 1757 οὐκ
992 1685 1028 1755 ἂν
1045 1686 1196 1781 ἂχάριςον
1213 1687 1266 1755 καὶ
1285 1712 1387 1759 πονο·

292 1800 341 1892 ρὸν
363 1799 533 1892 γενόμενον.
549 1798 591 1863 Οἱ
604 1789 639 1864 δὲ
660 1808 716 1874 τῆς
740 1791 917 1889 μεταύολῆς
937 1795 1169 1888 ἐριίμενοι,καὶ
1186 1796 1261 1887 πρὸς
1286 1793 1385 1887 μόνον

290 1907 421 1986 ἐκεῖνον,
435 1903 453 1977 Q
469 1912 613 1995 πρῶτον,
629 1898 880 1987 ἁπούλέπσντες,
895 1907 981 1989 αὐτῷ
1004 1903 1059 1995 μὲν
1081 1906 1138 1969 οὐκ
1152 1902 1295 1993 ἐτύλμων
1315 1891 1389 1967 δια·

289 2010 441 2105 λέγεσθαι·
463 2013 583 2103 νύκτωρ
599 2002 634 2075 δὲ
649 2009 910 2101 κατεπίμπλασαν
930 2008 1145 2136 γραμμάτων
1147 2009 1186 2076 τὸ
1205 2006 1387 2101 βῆμα,καὶ

292 2119 346 2185 τὸν
358 2108 480 2208 δίφρον,
493 2118 539 2206 ἐρ
550 2142 584 2183 ου
599 2142 636 2208 ς
621 2123 763 2211 ρατηχῶν
776 2119 828 2209 ε’χρ
813 2109 1024 2209 ρημάτιζσν,ε
1004 2143 1044 2183 ων
1058 2113 1094 2189 ἦν
1110 2141 1153 2183 τα
1139 2110 1264 2185 πολλὰ
1277 2123 1387 2189 τοιαύ-

293 2249 346 2289 τα·
365 2250 384 2285 υ
404 2225 457 2288 Κα
458 2213 727 2313 θεύδεις,Βροῦτε
748 2251 765 2286 ιι
790 2222 865 2305 καί,
883 2253 901 2287 α
920 2227 1035 2291 Οὐκ
1011 2249 1038 2289 οι
1024 2218 1237 2316 Βροῦτος.»
1259 2206 1387 2351 Ῡρ’(ον

295 2327 509 2405 ὁΚάσσιος’
478 2328 545 2395 αισθ
548 2331 653 2421 άμενος
669 2320 896 2422 διακινούμενον
913 2336 1014 2421 ἡσυχῆ
1031 2333 1069 2400 τὸ
1076 2330 1250 2422 ρελύτιμον
1265 2329 1387 2410 αὐτοῦ,

219 2506 223 2516 ,
296 2440 432 2528 μᾶλλον,
450 2430 469 2507 Q
487 2435 652 2528 πρότερον,
675 2437 804 2504 ἐνέκειτο
819 2486 829 2520 ,
843 2434 895 2503 καὶ
921 2430 1119 2531 παρώξυνεν,
1138 2434 1234 2514 αύτός
1257 2427 1327 2527 ἰδίᾳ
1356 2460 1388 2501 τι

298 2541 350 2610 καὶ
367 2539 472 2634 μίσους
492 2544 569 2633 ἔχων
589 2543 664 2636 πρὸς
685 2546 738 2610 τὸν
754 2542 915 2636 Καίσαρα,
933 2536 975 2610 δι’
989 2543 1108 2629 αἰτίας,
1123 2539 1158 2622 ἃς
1178 2546 1209 2610 ε’ν
1230 2549 1298 2621 τοῖς
1314 2541 1390 2634 περὶ

296 2651 432 2742 Βρούτου
439 2650 658 2744 γεγραμμένου
669 2641 888 2742 δεδηλώκαμεν
897 2648 919 2718 ².
931 2646 1005 2743 Εἶχε
1014 2652 1120 2740 μέντοι
1130 2651 1183 2718 καὶ
1196 2641 1240 2716 δι’
1249 2646 1389 2738 ὑποψίας

297 2761 314 2822 Q
332 2757 452 2848 Καῖσαρ
474 2754 583 2844 αὐτὸν,
606 2760 666 2833 ώςε
687 2757 738 2824 καὶ
758 2758 834 2850 πρὸς
855 2759 927 2835 τοὺς
947 2755 1053 2848 φίλους
1079 2757 1170 2824 εἰπεῖν
1191 2781 1281 2824 ποτε·
1302 2783 1322 2821 υ
1348 2754 1390 2820 Τι’

300 2859 441 2943 φαίνεται
457 2861 639 2952 βουλόμενος
654 2867 722 2955 ὑμῖν
737 2863 891 2947 Κάσσιος;
904 2863 972 2956 ἐμοὶ
986 2865 1041 2957 μὲν
1050 2863 1108 2958 γὰρ
1117 2867 1153 2931 οὐ
1163 2862 1234 2932 λίαν
1248 2862 1388 2956 ἀρέσκει,

297 2966 367 3034 λίαν
377 2970 475 3061 ὠχρὸς
490 2969 543 3032 ών.
551 2965 673 3035 »Πάλιν
685 2961 720 3036 δὲ
730 2971 856 3063 λέγεται
868 2969 937 3064 περὶ
947 2960 1106 3038 Ᾰντωνίου
1117 2969 1169 3038 καὶ
1182 2964 1389 3050 Δολαύίλλα,

302 3065 449 3150 διαύολῆς
463 3075 538 3166 πρὸς
552 3077 662 3158 αὐτὸν,
673 3081 712 3154 ὡς
723 3071 941 3170 νεωτερίζοιεν,
951 3076 1106 3156 ἐλθούσης·
1123 3106 1142 3142 ιι
1152 3076 1291 3144 Ούπάνυ
1309 3071 1388 3210 (φρί-

305 3207 323 3244 ιι
336 3171 400 3266 ναι)
410 3182 538 3258 τούτους
551 3172 679 3248 δέδοικα
693 3182 806 3262 τοὺς
783 3191 891 3275 παχεῖς
905 3183 956 3251 καὶ
970 3189 1119 3277 κομήτας·
1135 3188 1254 3279 μᾶλλον
1269 3175 1306 3252 δὲ
1315 3185 1390 3259 τοὺς

305 3303 322 3338 «
337 3286 452 3379 ὠχροὺς
469 3313 520 3353 και
509 3285 694 3366 λεπτοὺς’
681 3289 821 3368 εκείνους·
837 3318 854 3355 ιι
873 3290 1009 3358 Κάσσιον
1021 3294 1122 3386 λέγων
1137 3318 1189 3359 και
1178 3292 1351 3384 Βροῦτον.

356 3394 484 3460 LXIII.
497 3382 607 3460 Ᾰλλ’
589 3421 681 3462 εοικεν
695 3399 755 3488 οὐχ
768 3399 866 3476 οὕτως
877 3388 1159 3491 ἀπροσδόκητον,
1144 3425 1184 3476 ως
1196 3399 1389 3489 ἀφύλακτον,

303 3494 428 3566 εἶναιτὸ
446 3503 651 3592 πεπρωμένον·
668 3500 732 3570 ἐπεὶ
746 3502 798 3570 καὶ
813 3511 927 3635 σημεῖα
940 3503 1087 3596 θαυμαςδι
1100 3505 1152 3572 καὶ
1166 3507 1321 3596 φάσματα
1334 3527 1391 3593 φα-

302 3617 397 3680 νῆναι
405 3607 441 3672 λε’
428 3631 538 3698 γο-υσι.
553 3609 682 3674 Σίλα
649 3633 703 3700 μεν
722 3605 773 3676 οὖν
792 3609 936 3743 οὐράνιοι,
951 3609 1003 3678 καὶ
1018 3615 1154 3689 κτύπους
1172 3613 1293 3704 νύκτωρ
1311 3617 1389 3679 πολ-

205 3798 207 3802 .
302 3719 403 3805 λαχοῢ
423 3704 512 3802 διαρε
515 3713 739 3814 ρομένους,καὶ
756 3718 959 3811 καταίροντας
975 3716 1016 3796 εἰς
1036 3743 1195 3814 αχοραν
1164 3720 1218 3785 Q
1180 3745 1294 3812 ρημους
1315 3718 1390 3810 ὅρνι-

306 3818 423 3900 θας,’
394 3845 449 3886 ουκ
464 3813 570 3896 άξιον”
559 3845 629 3898 ισως
649 3822 699 3888 ἐπι
688 3820 803 3892 πάθει
816 3826 990 3909 τηλικούτῳ
984 3834 1221 3998 θμνημονεῦσαι
1240 3827 1303 3919 Στρ
1306 3818 1389 3890 άύων

308 3916 366 3990 δΗ
352 3953 368 3992 ο
385 3911 599 4018 ριλοσοφος
589 3936 706 4022 ιςορεῖ,
719 3931 852 4009 πολλοὺς
871 3931 925 4023 μὲν
945 3931 1122 4026 ἀνθρώπους
1142 3924 1340 4026 διαπύρους
1327 3955 1391 3997 επι-

351 4118 378 4154 1.
394 4101 540 4155 Ρττιιιτιιτι
554 4103 610 4156 scil.
624 4105 761 4158 urbanam.
915 4107 941 4160 Q.
957 4105 1033 4161 Idem
1041 4096 1182 4179 iuessoujm
1189 4120 1333 4180 supersunt
1342 4105 1389 4159 ad-

352 4200 378 4233 2.
389 4181 523 4236 Plutarch.
536 4182 565 4236 in
573 4184 649 4239 Brut
663 4189 695 4252 8,
708 4202 781 4258 seqq.
872 4186 1387 4261 huomumgeognphiemlimm.
