3000 5025
329 508 405 609 ³96
626 514 665 583 c.
692 512 836 581 wm-
863 459 1104 582 cffisms

328 644 543 739 Κράσσονσύν
563 634 687 711 θῶθεκα
704 643 855 738 σπείραις,
879 642 931 711 καὶ
948 650 1049 738 πολλῇ
1066 647 1154 731 ἵππῳ
1171 642 1213 722 είς
1230 645 1284 718 τὴν
1302 632 1383 710 Ᾰκνί-
1471 677 1472 714 ι

330 751 437 819 πανίαν
459 745 621 844 έμύαλλειν
640 752 797 833 ἐκέλευσε,
816 754 858 844 μὴ
881 754 917 817 ἐκ
934 752 1051 827 ταύτης
1069 761 1126 827 τῆς
1150 754 1251 844 χώρας
1275 753 1383 817 ἐπικου·
1470 737 1472 793 J

330 855 391 951 ρίαι
414 856 454 935 εἰς
473 860 530 931 την
544 854 706 923 ΙΓαλατίαν
730 859 923 949 πέμποιντο,
942 856 993 924 καὶ
1011 866 1153 924 τοσαῦτα
1169 856 1237 930 ἔθνη
1257 858 1384 934 ἀλληλοις
1471 863 1472 866 ’

330 961 453 1041 συςσίη.
468 965 528 1031 Τὸν
547 956 583 1030 δὲ
599 964 818 1057 ύποςρατηγὸν
838 959 973 1029 Κοίντον
995 965 1155 1056 Τιτούριον
1174 957 1300 1030 Σαύῖνον
1319 961 1386 1054 μετὰ

252 1115 255 1122 st
330 1076 422 1162 τριῶν
445 1071 618 1164 ταγμάτων
638 1068 689 1136 ἐπί
709 1094 743 1134 τε
764 1070 836 1146 τοὺς
858 1070 1047 1152 Ούνελλους,
1067 1068 1119 1135 καὶ
1141 1074 1214 1146 τοὺς
1233 1070 1385 1160 Κυυριοσο-
1472 1095 1473 1104 ·

327 1174 436 1257 λίτας,
452 1175 505 1242 καὶ
523 1176 594 1253 τοὺς
612 1169 793 1258 Λεξούίους,
807 1177 865 1248 τὴν
883 1172 1001 1242 ἐκείνων
1018 1166 1147 1267 δύναμιν
1163 1168 1300 1268 θιείργειν
1316 1176 1387 1260 αὐτῷ

330 1280 557 1376 παρσγγειλας,
576 1278 749 1373 ἐπέμψατο.
766 1282 828 1347 Τὸν
846 1282 951 1347 Δέκιον
968 1272 1004 1347 ἐέ
1022 1284 1157 1372 Βροῦτον
1176 1292 1223 1367 τῷ
1242 1305 1279 1346 τε
1299 1280 1388 1366 Q,
1473 1287 1474 1314 ³

330 1386 382 1453 καὶ
402 1395 470 1465 ταῖς
489 1389 675 1465 Γαλατικαῖς
693 1383 864 1468 ναυσὶν,-ἂς
883 1388 918 1453 ἐκ
931 1411 967 1452 τε
988 1396 1049 1452 τῶν
1076 1387 1258 1467 Πικτύνων,
1272 1385 1322 1451 καὶ
1338 1392 1389 1451 τῶν

331 1494 512 1577 Σαντόνων,
538 1500 600 1559 τῶν
629 1518 664 1560 τε
688 1498 805 1559 λοιπῶν
830 1490 1026 1584 εἰρηνούντων
1055 1492 1144 1559 ἐθνῶν
1168 1491 1314 1562 συνελθεῖν
1335 1492 1389 1557 ἐκί·
1473 1519 1474 1536 ³

328 1604 454 1683 λευσεν,
475 1601 640 1681 ἐπέςησεν,
664 1604 704 1676 ῶς
732 1590 858 1665 δύναιτο
880 1598 998 1689 τάχος-α
1020 1596 1059 1676 εἰς
1078 1600 1135 1671 τὴν
1164 1606 1228 1664 τῶν
1247 1600 1390 1663 Οὐενετῶν

331 1708 433 1799 χώραν
455 1702 547 1773 ἐλθεῖν
575 1706 727 1781 κελεύσας.
742 1706 846 1781 Αὐτὸς
872 1695 907 1770 θέ
933 1703 1065 1773 ἐνταῦθα
1089 1701 1171 1796 μετὰ
1193 1714 1252 1782 τῆς
1282 1696 1390 1781 πεζαῖς
1474 1705 1475 1708 '

330 1802 486 1904 ἐύναμεως
507 1812 631 1885 ἤλασεν.

385 1921 462 1985 XII.
484 1920 584 1985 Οίίτω
598 1908 633 1983 δὲ
652 1908 763 2008 σχεδὸν
786 1922 883 1985 πεῖσαι
911 1917 1027 1985 ἔκειντο
1052 1920 1154 1984 αὐτῶν
1185 1916 1218 1981 αἱ
1234 1917 1345 1994 πολεις·
1366 1917 1391 1981 ἐν

332 2022 478 2120 ἐσχάτοις
498 2024 551 2116 μὲν
573 2019 632 2118 γὰρ
651 2031 716 2102 τοῖς
735 2023 852 2116 ἰσθμοῖς
873 2023 1008 2102 καὶτοῖς
1032 2019 1135 2118 ἄκροις
1158 2021 1309 2106 κείμεναι,
1332 2023 1392 2087 οὔτε

333 2130 387 2224 μὲν
403 2122 519 2213 πεζοῖς,
536 2120 589 2197 θεὰ
604 2130 659 2201 τὴν
679 2132 709 2196 ἐν
729 2121 855 2196 δώδεκα
869 2132 959 2222 ῶραις
976 2121 1023 2208 θὶς
1041 2130 1201 2224 γενομένην
1222 2139 1281 2207 τῆς
1294 2126 1393 2195 θαλάσ·

333 2262 389 2313 σης
407 2226 630 2328 πλημμυρίθα,
645 2227 718 2302 οὐθέ
735 2261 770 2329 γε
788 2234 909 2317 ναυσὶν,
923 2238 973 2302 ὅτι
993 2235 1085 2304 πάλιν
1101 2237 1275 2329 ἀμπώτεως
1291 2228 1393 2327 συμίίι

333 2368 389 2419 σης
406 2341 439 2407 ἀἱ
457 2351 524 2418 νῆες
538 2342 568 2407 ἐν
584 2349 624 2434 τῇ
641 2337 761 2434 ψάμμῳ
779 2344 961 2425 ἐκακοῦντο,
975 2344 1153 2435 εὐπρόσιται
1170 2338 1260 2414 ἦσαν·
1281 2344 1335 2419 ὦς’
1347 2341 1393 2431 ἐμ

332 2448 470 2541 ροτέροις
501 2448 623 2525 τούτοις
649 2453 667 2522 η
695 2449 825 2526 ταύταις
858 2442 1016 2541 προσύολη
1045 2451 1207 2517 ἐκωλύετο·
1235 2447 1263 2514 εί
1293 2440 1392 2516 ἐέπυτι

333 2555 525 2650 μεγαλότητι
544 2554 650 2649 ἔργου,
667 2547 849 2632 ἐξωσθείσης
869 2554 994 2646 χῶμασί
1016 2556 1121 2623 τεκαὶ
1140 2557 1242 2650 ὄγκοις
1261 2554 1324 2641 τισὶ
1347 2563 1392 2630 τῆς

333 2659 508 2742 θαλάττης,
522 2659 574 2728 καὶ
594 2662 716 2738 τούτοις
735 2670 782 2748 τῷ
801 2658 895 2752 τείχει
913 2659 954 2738 είς
969 2657 1045 2750 ὕψος
1064 2656 1270 2754 ἐξισασμένοις
1281 2668 1393 2742 ,η’ττη·

335 2766 453 2850 θέντες,
469 2767 608 2859 περὶτῆς
623 2767 776 2861 σωτηρίας
791 2765 1002 2850 ἀνελπίσειαν,
1017 2769 1096 2835 πολὺ
1111 2777 1184 2834 νεῶν
1202 2765 1335 2849 πλῆθος,
1349 2765 1393 2831 ἐτι

336 2865 376 2947 ἐὴ
397 2877 498 2940 αὐτῶν
517 2875 734 2965 εὐποροῦντες,
748 2883 917 3000 προσῆγον,
936 2874 988 2940 καὶ
1005 2872 1050 2941 τὰ
1064 2872 1275 2965 σρῶνπάντα
1290 2868 1393 2964 ἐξενιγ·

335 2978 506 3061 κύντες,’
481 3004 521 3057 εις
540 2977 597 3056 τὰς
619 2978 747 3052 πλησίον
772 2979 913 3057 πόλεις’
894 2982 1074 3072 ανεχείρουν·
1098 3006 1150 3047 και
1138 2978 1320 3064 ἐνταῦθα,
1331 2984 1393 3052 ταῖς

336 3092 398 3152 τῶν
411 3085 516 3152 τύπων
533 3087 641 3164 αὐτοῖς
655 3085 860 3178 ἐπικαιρείαις
864 3085 1075 3178 ἀπεμάχοντο.
1091 3089 1207 3154 Ταῦτα·
1217 3077 1253 3152 θέ
1268 3085 1394 3167 τοσούτῳ

337 3195 408 3284 ῥᾷον
425 3192 462 3257 τὸ
482 3197 605 3269 πλεῖς-ον
625 3202 681 3260 τοῦ
700 3192 828 3286 θίρουςέ
816 3190 954 3260 εποίουν
944 3195 1030 3278 ,ὅσῳ
1049 3192 1081 3260 αἱ
1097 3199 1159 3259 τῶν
1174 3177 1369 3284 Ρωμαίων
1338 3214 1393 3266 νοις

335 3323 382 3424 τερ
400 3309 527 3389 χειμῶνι
545 3296 736 3390 κατείχοντο·
755 3301 914 3372 πολλιί’
877 3325 904 3364 τ
932 3295 968 3372 ἦν
994 3301 1116 3383 αὐτοῖς,
1134 3308 1207 3368 τοῦ.
1206 3300 1245 3364 ἐν
1266 3306 1314 3386 τῷ
1330 3297 1394 3364 ἐπε·

338 3402 439 3541 ρρὶντῳ
451 3388 579 3470 ίλκεσνῶ
565 3405 724 3499 μεγαλου
738 3398 915 3497 συμύάντος
926 3413 1149 3496 χειμῶνος,και
1137 3404 1286 3499 ὀλίγων,
1297 3393 1394 3496 σγεέύν

335 3512 365 3576 τ’
381 3513 436 3577 ούκ
453 3511 549 3577 ὄντων
557 3493 733 3602 ,λιμίνων,
749 3509 924 3578 ναυτιλλειν
937 3503 1143 3604 δυσχέρειαύ

379 3616 534 3685 XIILAE
550 3608 580 3682 θ’
593 3621 777 3694 αὐτῶννῆες
787 3619 1070 3709 κατεσκευασμέναι
1080 3643 1114 3685 τε
1124 3615 1177 3684 καὶ
1195 3613 1394 3706 καθωπλισμέ·
1476 3616 1477 3679 3

336 3748 386 3793 ναι
399 3719 476 3794 ἦσαν
495 3724 597 3810 τούτῳ
609 3729 660 3808 τῶ
669 3723 787 3837 τρόπω·
798 3723 840 3789 αἱ
855 3724 961 3816 μένρ
924 3749 944 3788 τ
945 3714 1066 3814 ροπίθες
1082 3723 1184 3817 ὀλίγον
1202 3748 1239 3790 τι
1253 3725 1394 3816 εὐρύτερα]
1476 3806 1477 3809 ρ

336 3837 399 3897 τῶν
424 3838 482 3894 τοῖν
506 3825 706 3922 Καίσαρος
689 3837 785 3911 ησαν,
790 3830 853 3896 ίνα
879 3855 949 3902 την
964 3820 1174 3920 ἀμπώτιδες
1155 3833 1233 3920 ρᾷον
1264 3820 1394 3894 δύναιντο
1476 3868 1477 3939 γ

335 3937 450 4064 οπρρέρ
452 3960 505 4001 ειν·
522 3959 553 4002 αι
544 3926 602 4001 δὲ
620 3943 738 4028 πρῶραι
754 3936 943 4028 ἀμωσγέπως
957 3931 1202 4024 ύψωθεῖσαι,
1152 3961 1205 4006 και
1224 3935 1257 4001 αί
1273 3937 1394 4026 πρύμναι

336 4042 411 4171 πρὸς
424 4041 657 4135 τουςμεγαλους
663 4051 837 4134 χειμωνας,
846 4039 968 4119 καὶτὰς
979 4033 1198 4234 πλημμυρίθας
1206 4040 1393 4169 ηρμρσμένω,

336 4147 496 4238 σύμπασαι
487 4145 583 4222 ’θ’
553 4175 585 4216 αι
598 4155 664 4228 νῆες
683 4147 817 4243 κλήθρη,
829 4149 905 4243 πρὸς
920 4150 972 4219 τὸ
977 4153 1079 4218 ’πᾶσαν
1097 4146 1179 4234 βίαν
1184 4172 1220 4215 τε
1238 4172 1290 4215 και
1279 4145 1392 4235 λύον*
