3000 5025
302 501 376 576 500
598 505 636 574 C.
664 505 808 602 JULH
836 502 1077 572 CAESARIS

297 642 348 706 ὐπ’
367 641 442 729 ἐμοῦ
461 637 660 732 εύεργετεῖσθε
677 633 753 728 (ἔφη
768 637 843 703 τότε
855 642 872 703 ό
886 629 1124 731 Βερκιγγέτορυξ
1135 631 1148 720 )
1161 634 1195 704 ἐν
1213 628 1367 729 προδότην

297 746 491 812 άποκαλεῖτε·
514 743 548 812 οὐ
567 755 606 838 τῇ
624 743 778 839 εὐεργεσίᾳ
795 745 949 816 τοσαύτην
970 754 1031 810 τῶν
1054 729 1206 836 Ρωμαίων
1220 741 1367 835 ςρατιύν,

295 850 416 928 πάντας
449 853 521 928 τούς
547 847 658 930 ἄλλους
690 846 818 944 πρόσθεν
845 857 999 933 νικῶσαν,
1027 859 1078 916 νῦν
1107 849 1262 942 ἀναιμωτὶ
1291 856 1370 941 λιμῷ

295 951 532 1036 ἐξαναλωθεῖσαν
549 949 660 1048 σχεδὸν
680 963 782 1050 όροῖτε·
798 956 834 1030 ἢν
853 956 984 1049 αἰσχρῶς
1000 959 1191 1049 φεύγουσαν,
1209 958 1255 1048 μη
1272 981 1320 1034 τις
1340 959 1372 1022 ἐν,

296 1073 335 1158 τῇ
354 1069 465 1143 ἑαυτῆς
485 1067 572 1158 χώρᾳ
591 1056 722 1155 δέχηται
743 1065 850 1146 πόλις,
864 1066 916 1130 ὐπ’
931 1065 1006 1155 ἐμοῦ
1023 1063 1238 1156 προνενόηται.

347 1173 440 1238 XXI.
465 1174 605 1238 Τοιαῦτα
626 1163 663 1236 δί
677 1170 791 1238 ἐκείνου
811 1163 976 1249 λέξαντος,
994 1174 1055 1236 πᾶν
1074 1170 1112 1236 τὸ
1138 1171 1236 1262 παρὸν
1258 1169 1371 1246 πλῆθος

294 1281 424 1369 εὐμενῶς
438 1272 627 1362 ἐπιύόησαν,
641 1277 694 1344 καὶ
714 1284 781 1355 τοῖς
799 1279 920 1359 ὅπλοις,
944 1281 984 1353 ὡς
1004 1275 1117 1369 τρόπος
1141 1279 1267 1360 αὐτοῖς,
1283 1278 1370 1342 ἐκτύ·

294 1409 394 1457 πησαν
414 1378 449 1468 (θ
466 1391 560 1450 ποιεῖν
584 1384 612 1450 οἱ
632 1381 746 1450 Γαλλσι
768 1382 923 1464 εἰώθασιν,
943 1385 1018 1450 όταν
1036 1383 1094 1456 την
1121 1407 1203 1460 τινος
1228 1384 1370 1450 ἐπαινῶσι

294 1481 664 1584 δημηγορίαν)κράτιςον
680 1485 756 1556 εἶναι
771 1489 928 1582 ςρατηγύν
942 1490 997 1586 τὸν
1011 1488 1278 1582 Βερκιγγετόρυγα
1294 1489 1370 1578 φάσ-

216 1589 221 1602 ¹
292 1621 413 1680 κοντες,
429 1597 500 1663 οὐτε
515 1588 577 1663 δεῖν
592 1595 661 1688 περὶ
676 1599 772 1663 αὐτοῦ
785 1597 978 1662 ὑποπτεύειν·
995 1586 1068 1660 οὐδὲ
1081 1591 1138 1688 γὰρ
1157 1590 1193 1661 όιν
1206 1591 1310 1670 άλλως
1323 1587 1371 1662 δυ-

293 1704 386 1770 νατὸν
402 1699 476 1770 εἶναι
491 1705 545 1771 τὸν
559 1703 694 1795 πόλεμον
710 1694 957 1793 διαχειρίζεσθαι.
971 1700 1066 1767 Μετὰ
1080 1692 1116 1767 δέ
1131 1710 1237 1768 ταῦτα
1252 1699 1369 1794 μυρίους

292 1810 472 1886 ’ἐπιλέκτους
493 1801 672 1902 ἄνδρας-εἰς
695 1811 752 1882 τὴν
778 1810 869 1876 πολιν
890 1809 1022 1899 πέμπειν
1043 1804 1257 1897 ἐψηφίσαντο,
1272 1808 1370 1899 μόνοις

246 1938 250 1946 ·
294 1920 328 1984 οὐ
347 1907 408 1982 δεῖν
429 1922 494 1994 τοῖς
517 1909 670 2008 Βιτούριξι
686 1919 743 1989 τὴν
762 1913 889 1982 πάντων
914 1925 998 2005 σρῶν
1024 1912 1176 2004 σωτηρίαν
1197 1909 1368 2007 ἐγχειρίζειν

291 2024 445 2116 λέγοντες·
470 2025 499 2088 ἐν
528 2023 631 2108 τούτῳ
654 2019 711 2116 γὰρ
741 2012 853 2112 σχεδὸν
868 2016 913 2103 (εἰ
937 2021 1055 2092 ταύτην
1077 2010 1296 2112 διαφυλάξειαν
1317 2024 1368 2094 τόν

294 2123 408 2218 πολιν)
423 2131 479 2202 την
504 2128 589 2202 νίκην
615 2132 718 2194 πᾶσαν
738 2127 865 2194 κεῖσθαι.

348 2237 458 2304 XXII.
473 2232 538 2313 Τὰς
561 2226 595 2299 δὲ
619 2245 680 2300 τῶν
702 2219 854 2326 ῥωμαίων
876 2226 1005 2313 όουλύις,
1020 2230 1212 2310 όποίουτινος
1234 2229 1285 2299 οὐν
1309 2233 1369 2325 πρό

295 2368 354 2408 που
367 2387 377 2424 ,
394 2342 422 2408 οἱ
437 2339 553 2408 Γάλλοι
567 2335 812 2432 προελάμόανον.
828 2335 930 2423 (ἔθνος
944 2339 998 2430 μὲν
1016 2343 1074 2433 γὰρ
1090 2337 1225 2416 ἐπινοίας
1239 2338 1367 2434 μεγάλης

296 2447 361 2532 ἐςὶ,
376 2447 427 2516 καὶ
446 2449 521 2541 πρὸς
539 2444 700 2531 πάντα,όι
719 2441 755 2514 ὐιν
777 2451 890 2539 ὁρῶσι,
907 2450 1001 2514 ποιεῖν
1027 2444 1079 2513 καὶ
1095 2444 1253 2539 μιμεῖσθαι
1271 2449 1369 2519 ἐπιτη·

298 2546 494 2643 δειότατον.)
515 2556 676 2647 ἁρπαγῶσι
705 2552 764 2649 γὰρ
797 2551 839 2619 τὰ
873 2551 991 2621 ἐκείνων
1019 2552 1192 2645 ἀπέτρεπον
1217 2544 1368 2645 δρέπανα,

273 2685 276 2692 ·
298 2659 318 2729 ἃ
337 2662 546 2752 κατασχόντες
567 2669 718 2753 μηχαναῖς
742 2684 842 2741 τισιν,
856 2659 928 2726 εἵσω
947 2668 1004 2725 τοῦ
1027 2658 1148 2750 τείχους
1167 2660 1315 2727 ἀνεῖλκον·
1336 2660 1370 2725 τὸ

299 2760 333 2835 δέ
363 2779 456 2862 χῶμα
485 2772 586 2833 αὐτῶν
616 2770 758 2853 τοσυύτῳ
783 2766 996 2858 ἐμπειρότερον
1021 2766 1190 2860 καθῄρουν,
1214 2769 1277 2852 ὅσῳ
1303 2767 1370 2858 παρ’

300 2873 404 2957 αὐτοῖς
428 2864 555 2967 σιδηραῖ
577 2872 690 2940 πολλαὶ
713 2872 788 2954 εἰσὶ,
808 2873 861 2938 καὶ
881 2875 943 2939 πᾶν
969 2874 1059 2965 γένος,
1081 2876 1243 2963 ὐπονομῶν
1272 2877 1371 2949 αὐτοῖς

299 2981 462 3075 εἰθισμένον
486 2978 544 3057 ἐςί.
565 2982 633 3045 Πᾶν
658 2971 694 3045 δὲ
714 2980 753 3047 τὸ
771 2985 872 3069 τεῖχος
892 2985 976 3067 σφῶν
991 2980 1118 3072 πύργοις
1139 2974 1371 3074 πυργώσαντες,

301 3078 405 3179 δοραῖς
431 3088 539 3155 ἔπειτα
567 3087 802 3175 ἐκεκαλύρεσαν.
823 3066 946 3151 Επειτα
969 3074 1005 3151 δὲ
1029 3083 1179 3163 πολλάκις
1203 3086 1315 3163 νυκτός
1341 3109 1371 3152 τε

301 3195 352 3263 καὶ
370 3196 484 3286 ἡμέρας
504 3187 651 3275 ἐξιόντες,
669 3190 687 3266 θ
708 3202 768 3284 πῦρ
790 3199 838 3278 τῷ
856 3199 918 3257 τῶν
937 3176 1087 3282 θωμαίων
1105 3194 1291 3283 ςαυριύματι
1309 3194 1372 3259 ἐπί·

301 3324 406 3392 ρερον,
420 3299 558 3377 ἢαύτοῖς
577 3306 641 3376 τοῖς
666 3300 856 3391 ςρατιόνταις
878 3296 961 3389 ἀμφὶ
975 3298 1013 3364 τὸ
1036 3299 1122 3392 ἔργον
1141 3300 1261 3389 ἔχουσιν
1280 3296 1374 3366 ἐπιτί-

302 3408 409 3494 θεντο,
423 3405 474 3473 καὶ
497 3406 535 3473 τὸ
560 3412 621 3471 τῶν
641 3412 764 3499 πυργῶν
785 3412 848 3471 τῶν
868 3388 1018 3494 Ῥωμαίων
1040 3401 1132 3493 ὐψος,
1155 3408 1226 3471 όσον
1252 3407 1373 3497 χώματι

300 3513 370 3591 ,καθ’
378 3509 492 3590 ἑκάς-ην
502 3512 532 3579 οἱ
544 3497 842 3605 Ῥωμαῖοιηδύναντο
850 3506 996 3599 ἐνυψοῦν,
1004 3518 1073 3588 ταῖς
1082 3522 1145 3577 τῶν
1155 3521 1239 3601 σρῶν
1255 3514 1372 3606 πύργων

303 3625 445 3715 κορυραῖς
460 3618 591 3687 ἀνίσυυν.

310 3782 313 3787 2
355 3726 487 3795 XXIII.
503 3724 553 3791 Τὰ
572 3716 607 3791 δὲ
626 3732 687 3791 τῶν
708 3722 835 3791 Γάλλων
854 3723 943 3815 τείχη
964 3730 1004 3802 ὡς
1022 3724 1073 3791 ἐπὶ
1086 3726 1124 3793 τὸ
1143 3726 1224 3793 πολὺ
1245 3726 1373 3809 τοιούτῳ

303 3824 539 3925 υἰκοδομυῦνται
560 3832 676 3925 τρόπῳ·
692 3840 814 3924 πρῶτον
829 3831 882 3923 μὲν
904 3823 999 3908 δοκύις
1022 3834 1071 3898 ἐπ’
1094 3830 1208 3909 εὐθείας
1228 3832 1371 3907 ἀλλήλαις

295 3943 413 4023 Ιοὐσας,
427 3939 478 4006 καὶ
495 3940 695 4030 συνεχεῖς,τύ
720 3947 816 4030 μῆκος
837 3929 893 4005 δύο
908 3928 1011 4017 πόδας
1032 3941 1062 4004 ἐν
1082 3939 1167 4030 μέσῳ
1186 3941 1290 4005 αὐτῶν
1307 3928 1371 4003 δια·

299 4045 476 4129 λείποντες,
491 4048 520 4113 ἐν
536 4054 581 4132 τῷ
595 4036 723 4139 γηπέδῳ
741 4043 885 4111 τιθέασιν·
902 4042 994 4111 αὐται
1017 4035 1053 4111 δέ
1071 4043 1142 4113 εἴσω
1163 4034 1307 4111 δέδενται
1319 4052 1371 4117 τῆς

301 4154 436 4236 πόλεως,
452 4150 505 4221 καὶ
518 4155 617 4226 πολλὴ
633 4150 758 4229 ἐκείναις
778 4161 818 4245 γῆ
836 4153 1035 4244 ἐπιρορεῖται·
1052 4149 1094 4219 τὰ
1110 4143 1146 4217 δὲ
1160 4151 1371 4244 προειρηθέντα
