3000 5025
283 498 333 582 [10
496 501 525 568 J.
555 470 1157 571 cansr'couuaurann‘

279 642 429 719 tuerent,
452 630 672 727 deprehendit
698 656 755 703 eos
783 634 928 703 sortibus
952 635 1223 707 muliercularum
1251 637 1361 708 castra

278 740 488 830 sequentium
500 739 709 828 absterritoS,
724 765 767 809 ne
781 756 858 809 ante
871 766 994 811 novam
1006 741 1120 812 lunam
1130 770 1268 813 manum
1280 770 1359 814 cum

275 840 375 912 hoste
395 861 631 917 consererent:
654 872 797 941 eumque
818 845 958 917 morem¹
971 851 1219 921 Germanorum
1240 878 1359 947 perve-

276 961 404 1019 tustum
423 977 511 1043 esse,
526 968 565 1024 ut
577 954 698 1024 talibus
716 970 922 1050 regerentur.
945 959 1058 1027 Caesar
1075 984 1175 1047 vero,
1197 962 1251 1028 cui
1266 959 1359 1029 nulla

274 1055 445 1128 videretur
458 1064 592 1155 gravior
602 1064 734 1157 jactura
748 1087 850 1157 quam
864 1065 1039 1159 temporis,
1052 1066 1109 1133 vix
1119 1065 1230 1135 adhuc
1245 1066 1357 1137 triduo

272 1180 486 1258 exspectato,
506 1170 670 1258 firmavit,
691 1170 783 1263 quod
801 1171 936 1263 ingenio
954 1196 1024 1239 non
1042 1188 1169 1266 posset,
1189 1175 1223 1241 vi
1240 1189 1357 1269 aperta

272 1266 385 1341 hostes
399 1274 433 1341 in
456 1276 608 1370 praelium
630 1276 759 1346 elicere.
782 1280 900 1371 Itaque
921 1280 988 1347 suis
1009 1280 1126 1349 castris
1148 1280 1279 1350 duobus
1306 1281 1356 1350 di·

270 1378 373 1447 misso
397 1384 530 1474 gemino
555 1382 725 1478 praesidio,
743 1409 821 1453 cum
843 1385 999 1453 omnibus
1018 1388 1121 1479 copiis
1143 1400 1252 1479 castra
1276 1388 1355 1458 hos·

164 1559 166 1564 .
270 1483 355 1551 tium
370 1488 506 1558 invadit.
524 1491 651 1561 Videns
666 1492 853 1560 Ariovistus
873 1491 961 1559 trahi
981 1491 1123 1587 amplius
1141 1496 1270 1563 ratione
1284 1520 1355 1565 non

268 1612 384 1683 posse,
405 1594 557 1689 plurimis
572 1624 613 1667 ex
635 1597 768 1693 populis
787 1600 1036 1667 Germanorum
1057 1602 1227 1693 ingentem
1246 1604 1353 1700 aciem

267 1694 440 1791 instruxit,
462 1718 562 1799 atque
583 1707 629 1773 ita
647 1729 783 1774 omnem
806 1706 988 1774 exereitum
1010 1705 1123 1776 rhedis
1143 1723 1177 1776 et
1198 1711 1352 1781 cunibus

267 1804 511 1899 circumclusit,
526 1826 565 1880 ut
582 1810 674 1880 nulla
690 1811 778 1905 fugae
798 1835 889 1905 spes,
902 1814 1085 1907 praesertim
1100 1816 1284 1908 equitibus,
1296 1844 1351 1887 su·

265 1930 422 2005 peresset.
438 1918 589 1985 Fuerunt
603 1932 636 1986 et
653 1918 733 1985 viris
750 1919 948 1999 intermixtae
961 1918 1150 2014 fatiloquae,
1172 1921 1351 2017 dequibus

264 2018 430 2109 diximus,
454 2026 633 2113 mulieres,
655 2023 792 2118 aliaeque
821 2025 913 2093 viros
943 2040 1083 2115 secutae3
1112 2028 1244 2098 lletibus
1274 2030 1351 2102 altis
1383 2088 1390 2093 .
1491 2106 1495 2128 ι

263 2149 415 2216 orantes,
431 2158 474 2201 ne
492 2133 653 2202 Romanis
675 2129 717 2199 ad
739 2132 912 2199 servitium
927 2132 1147 2203 traderentur.
1163 2137 1351 2207 Concurre

263 2256 344 2310 runt
364 2255 477 2310 autem
499 2253 593 2309 tanto
615 2241 744 2333 impetu
767 2239 947 2327 Germani,
965 2253 1020 2327 ut,
1043 2258 1243 2337 consumpto
1267 2270 1348 2315 mox

173 2436 174 2439 Ἴ
263 2350 389 2445 spatio,
407 2347 498 2443 quod
523 2348 609 2415 acies
634 2344 828 2432 dirimebat,
844 2345 993 2437 jactandi
1015 2346 1082 2441 pila
1104 2348 1195 2417 nulla
1213 2355 1346 2422 occasio

262 2471 466 2553 superesset,
481 2468 538 2524 aut
552 2450 700 2524 facultas.
714 2450 875 2544 Projectis
884 2452 986 2548 igitur
1000 2454 1195 2546 missilibus,
1209 2482 1262 2528 res
1275 2459 1346 2554 gla-

261 2565 323 2634 diis
339 2578 414 2633 acta
428 2577 495 2649 est,
513 2574 636 2630 eventu
655 2558 847 2652 aliquandiu
860 2559 982 2628 dubio:
999 2560 1103 2630 fracta
1121 2565 1258 2654 ‘tandem
1273 2593 1347 2661 per-

259 2673 381 2741 tinacia
401 2672 667 2754 Germanorum,
686 2690 802 2735 omnes
824 2681 919 2761 terga
940 2682 1130 2757 verterunt;
1148 2685 1183 2739 et
1201 2672 1345 2768 diruptis

258 2779 410 2848 obicibus
423 2775 665 2873 plaustrorum,
676 2772 798 2868 quibus
807 2773 958 2842 firmasse
969 2777 1074 2844 aciem
1088 2775 1158 2844 dux
1170 2780 1344 2873 sperabat,

258 2909 364 2978 usquc
386 2883 429 2952 ad
448 2882 559 2952 Rheni
582 2883 690 2976 ripam
709 2880 790 2974 fuga
809 2895 974 2975 perpetua
994 2881 1076 2971 fuit,
1094 2884 1189 2976 cujus
1207 2884 1342 2956 alveum

243 2990 371 3060 ‘nando
395 2989 549 3086 quidam,
566 2986 621 3056 alii
648 2989 761 3082 parvis
787 2989 943 3081 navigiis,
965 2991 1186 3079 transierunt3
1203 3018 1270 3086 quo
1298 3019 1341 3064 ex

256 3121 399 3166 numero
413 3097 484 3191 ipse
498 3095 561 3165 fuit
571 3096 775 3181 Ariovistus,
789 3094 846 3187 qui
858 3092 1025 3187 deposita,
1041 3096 1159 3185 credo,
1176 3101 1341 3194 superbiae

256 3229 325 3274 suae
346 3205 495 3291 sarcina,
515 3227 589 3297 quae
613 3215 707 3270 tanta
733 3215 821 3288 erat,
836 3213 876 3268 ut
899 3223 973 3268 eam
996 3225 1058 3272 nec
1081 3205 1263 3275 Germania
1281 3232 1338 3276 ca·

254 3326 367 3408 peret,
385 3334 447 3380 neo
465 3307 575 3380 Gallia
595 3308 771 3395 toleraret;
785 3305 897 3376 cimba
917 3308 1016 3377 unica
1036 3333 1115 3378 casu
1136 3313 1170 3379 in
1192 3314 1265 3408 ripa
1290 3317 1345 3383 ci·-

133 3416 137 3428 ’
253 3421 376 3488 teriore
398 3418 505 3486 amnis
530 3418 686 3502 inventa,
707 3413 797 3483 solus
818 3415 852 3481 in
873 3412 1047 3484 adversam
1070 3418 1177 3514 ripam
1199 3445 1234 3511 se
1256 3446 1336 3515 pro-

252 3527 365 3620 ripuit.
378 3523 509 3618 Reliqui
520 3547 607 3618 pene
618 3546 750 3610 omnes,
760 3522 903 3589 instante
916 3547 1057 3594 romano
1069 3527 1234 3618 equitatu,
1245 3527 1336 3624 firgae

251 3632 363 3702 medio
386 3633 525 3727 periere.
543 3633 585 3698 ln
606 3629 726 3724 quibus
750 3627 826 3695 duae
847 3629 1007 3716 Ariovisti
1028 3632 1206 3727 conjuges,
1229 3629 1336 3706 altera

251 3743 380 3828 Sueva,
400 3740 527 3809 Norica
548 3735 671 3824 altera,
689 3759 832 3829 quarum
846 3737 991 3830 primam
1007 3738 1109 3808 domo
1128 3739 1333 3834 digrediens,

250 3846 452 3935 secundam,
474 3845 611 3915 durnin
633 3840 750 3913 Galliis
775 3866 906 3912 moram
929 3847 1046 3934 traxit,
1068 3846 1225 3934 duxerat3
1246 3847 1332 3918 filia·

248 3979 326 4022 rum
347 3977 479 4047 quoque
501 3949 605 4020 altera
631 3973 715 4019 caesa
737 3948 817 4038 fuit,
835 3965 933 4046 capta
954 3951 1067 4021 altera.
1091 3955 1130 4022 C.
1154 3954 1328 4048 Valerius,

246 4086 348 4161 quem
366 4059 409 4129 ab
430 4059 598 4130 Ariovisto
613 4072 751 4154 captum
771 4060 1048 4147 memoravimus,
1068 4061 1103 4127 in
1122 4063 1232 4156 ipsum
1252 4065 1327 4132 Cae—

247 4191 373 4257 sarem,
391 4167 523 4241 hostem
543 4166 793 4261 insequentem,
810 4165 892 4237 dum
915 4164 1023 4238 tribus
1045 4169 1169 4238 eatenis
1193 4169 1327 4240 vinctus

1490 2432 1495 2472 r

1490 2518 1493 2581 i
