3000 5025
259 492 572 562 ιινΤΕιιΡιιΕε
601 487 839 564 οιινεοοο.
866 497 964 564 ιιι.
998 497 1064 565 vl.
1121 500 1192 586 481

129 620 147 690 ἀ
171 621 238 716 περὶ
264 625 384 691 πολλὀῦ
411 631 546 692 ποιοῦσιν
575 626 603 692 οἱ
635 625 803 719 Γερμανοὶ,
821 620 1073 713 καταλαύέντες,
1096 625 1199 700 ἐλπίδι

126 729 204 808 λείας
227 733 415 824 προσωτέρω
436 731 597 824 προῆλθον·
619 733 730 810 αὐτοὺς
751 724 787 797 δὲ
807 735 884 823 πρὸς
910 735 1061 825 πολέμους
1088 764 1122 804 τε
1148 742 1199 806 καὶ

125 836 247 914 ληςείας
266 839 403 928 φύντας,
419 835 489 904 ούτι
505 839 558 930 μὲν
574 838 671 922 νάπη,
686 840 756 906 οὕτε
774 841 804 933 γ’
823 841 876 912 έλη
896 830 1041 907 θύσώατα
1059 845 1197 936 ἐπέσχον·

28 951 32 972 ’
127 948 179 1010 ποῖ
191 933 220 1008 θ’
237 943 282 1017 ε’ίη
303 948 320 1008 ὁ
346 946 483 1036 Καῖσαρ,
504 946 576 1022 τοὺς
601 945 817 1036 αἰχμαλώτους
845 948 1071 1037 ἐρωτήσαντες,
1094 953 1198 1044 πόρρω

128 1049 178 1140 μὲν
206 1049 343 1116 ἐντεῦθεν
378 1051 519 1141 ἀπέχειν,
546 1050 598 1117 καὶ·
629 1053 666 1118 τὸ
694 1052 855 1144 ςράτευμα
882 1056 944 1119 πάν
978 1055 1198 1128 ἀπεληλυθέναι

41 1240 43 1244 Ι
126 1157 264 1248 ἔγνωσαν·
282 1167 455 1229 τηνικαῦτα
478 1149 516 1229 θῆ
540 1155 580 1235 εἷς
612 1184 659 1235 τις
682 1164 743 1223 τῶν
774 1145 1000 1250 αἰχμαλώτων,
1024 1160 1065 1226 Τί
1083 1154 1198 1236 δήποτ’

126 1266 224 1352 ὑμεῖς,
237 1264 293 1352 έφη
307 1314 316 1344 ,
332 1262 399 1354 περὶ
419 1265 482 1336 τῆν’
494 1266 610 1353 φαύλην
627 1265 661 1330 τέ
678 1265 730 1331 καὶ
744 1269 851 1339 εὐτελῆ
865 1263 949 1331 λείαν
969 1268 1086 1341 ταύτην
1106 1271 1199 1363 ἀσχο-
1233 1306 1237 1313 ·

28 1377 31 1385 “
124 1367 235 1451 λεῖσθε,
262 1365 290 1435 οἳ
314 1379 365 1434 νῦν
394 1358 523 1436 θύνασθε
551 1362 656 1463 ἀνδρες
682 1370 790 1464 ἀγαθοὶ
808 1372 980 1464 γενόμενοι,
996 1376 1198 1465 εὐτυχές-ατοι

125 1469 212 1558 εἷναι;
233 1476 310 1568 πρὸς
332 1475 385 1566 μὲν
406 1474 464 1570 γὰρ
485 1478 541 1549 τῆν
560 1478 734 1568 Βαρούταν,
748 1481 826 1544 ὅπου
842 1474 884 1543 τὰ
902 1486 985 1562 σφῶν
1004 1485 1151 1571 χρήματα
1170 1484 1202 1549 οἱ·

125 1563 258 1670 Ρωμαῖοι
270 1581 438 1648 κατέθεντο
457 1582 576 1661 πάντα,
592 1587 621 1648 ἐν
637 1574 733 1676 τρίσὶν
749 1588 840 1677 ὥραις
856 1575 984 1651 δύνασθε
999 1587 1195 1676 ἀφικνεῖσθαι·

125 1685 235 1777 φρουρὰ
250 1678 286 1754 θέ
301 1687 393 1778 μόνον
408 1689 487 1765 ἐνεςι
502 1692 658 1772 τοσαύτη,
672 1694 732 1766 ὥςε
748 1689 800 1755 καὶ
815 1692 856 1780 μῆ
874 1681 1021 1756 δύνασθαι
1035 1687 1071 1757 ἀν
1083 1695 1120 1762 τὸ
1140 1707 1197 1762 τοῦ

47 1875 49 1882 y
125 1792 271 1884 ἐρύματος
291 1801 392 1885 τεῖχος
407 1795 615 1888 ἀναπληροῦν,
630 1786 710 1887 μηδὲ
726 1801 843 1886 τολμᾷν
862 1791 926 1862 τοῦ
937 1792 1100 1889 περιύύλου
1122 1796 1198 1879 ἐξιέ-

123 1923 179 1962 ναι.
199 1885 228 1964 O
249 1901 304 1991 μὲν
328 1904 418 1967 ταῦτ’
437 1897 528 1968 εἶπεν·
549 1904 649 1994 ταύτῃ
671 1893 706 1968 δὲ
727 1902 756 1968 οἱ
775 1901 924 1994 Γερμανοὶ
942 1906 1199 1999 παροτρυνθέντες

39 2025 41 2034 ’
125 1998 298 2094 τῆελπίθι,
313 2007 349 2081 ῆν
372 2008 425 2099 μὲνΙ
444 2001 504 2082 ἤδη
526 2007 685 2099 ιιλύφεσαν
706 2007 808 2090 λείαν,
824 2011 853 2073 ἐν
873 2017 1001 2100 κρυπτῷ
1021 2013 1197 2082 κατέθεντο·

125 2112 209 2178 αὐτοὶ
229 2105 264 2180 δὲ
284 2115 427 2209 ῆγεμύνι,
448 2125 494 2200 τῷ
521 2124 624 2181 ταῦτα
646 2113 729 2204 σφίσι
752 2117 940 2205 μηνύσαντι,
960 2119 1129 2208 χρώμενοι,
1148 2121 1199 2188 ἐπὶ

125 2217 175 2289 τῆν
193 2223 354 2313 Βαρούταν
371 2225 538 2311 ὥρμησαν..
760 2271 764 2282 ·

173 2327 333 2395 XXXVI.
355 2312 384 2391 O
405 2319 441 2392 δέ
459 2355 509 2395 τοι
530 2330 666 2422 Κικέρων
688 2321 741 2394 διὰ
759 2336 866 2396 πασῶν
885 2336 947 2394 τών
971 2329 1098 2422 πρόσθεν
1117 2338 1198 2425 ῆμι·

125 2435 196 2519 ρῶν,
212 2431 297 2500 κατὰ
317 2436 354 2500 τὸ
375 2437 459 2522 αὐτῷ
477 2436 538 2502 ὑπὸ
554 2445 610 2501 τοῦ
627 2435 786 2527 Καίσαρος
795 2435 1023 2529 παραγγελθὲν,
1037 2439 1109 2516 τοὺς
1124 2464 1197 2530 ςρα·

123 2541 232 2617 τιώτας
247 2544 278 2606 ἐν
293 2548 340 2627 τῷ
352 2542 557 2634 χαρακώματι
573 2542 784 2633 ἐπιμελέςατα
798 2544 938 2638 συσχὼν,
952 2535 1089 2611 καὶούθέ
1104 2548 1195 2636 μόνον

124 2642 283 2715 ἀκόλουθον
317 2641 423 2724 ἐξιέναι
453 2652 674 2741 συγχωρήσας,
694 2638 821 2737 ἐώθύμῳ·
844 2648 943 2740 ἡμέρᾳ
967 2652 1116 2740 περὶτοῦ
1133 2661 1195 2719 τών
1248 2692 1251 2697 -

122 2753 235 2843 η’μερῶν
269 2752 399 2848 ἀριθμοῦ
425 2734 480 2821 Ιτθν
511 2752 654 2846 Καίσαρα
682 2753 855 2826 ἀληθεύσειν
870 2751 942 2836 (ὅτι
968 2756 1073 2847 πέῤῥω
1101 2760 1194 2825 αὐτὸν

123 2860 351 2946 προεληλυθότα
371 2861 482 2941 ἤκουε,
502 2861 553 2927 καὶ
572 2853 661 2927 οὐδὲν
681 2859 749 2951 περὶ
771 2870 827 2934 τῆς
839 2854 963 2928 ἐκείνου
982 2855 1111 2952 ἅφιξέυς
1133 2870 1194 2959 ,ἐγ-

123 2962 282 3052 γελλετο.)
306 2969 363 3032 οὐκ
381 2968 426 3031 ἔτ’
441 2962 586 3048 ἐλπίζων,
603 2966 668 3058 ἀμα
686 2992 721 3032 τε
741 2971 812 3043 τοῖς.
826 2973 888 3031 ’τῶν
910 2969 966 3039 τῆν
991 2972 1103 3063 ἐαυτοῦ
1121 2996 1195 3063 καρ-

122 3068 217 3159 τερίαν
232 3067 245 3157 (
259 3064 365 3145 ἐπειθῆ
394 3075 485 3164 μόνον
516 3082 572 3139 τοῦ
597 3075 824 3165 χαρακώματος
852 3066 977 3150 ἐξελθεῖν
1006 3078 1061 3141 οίικ
1088 3070 1191 3161 ἐξείη)

121 3178 293 3269 πολιορκίαν
303 3179 543 3247 ἀποκαλούντων
555 3180 661 3273 λόγοις
680 3177 899 3271 παρορμηθεὶς,
913 3180 965 3245 καὶ
981 3172 1069 3247 οὐθὲν
1085 3194 1192 3250 ποιοῦ-

122 3304 175 3361 το,
191 3288 252 3361 ώςε
267 3287 365 3375 σφοῖς,
380 3288 464 3352 ἐννέα
477 3285 648 3380 ταγμάτων
668 3278 718 3361 ξὺν
738 3292 844 3373 πολλῷ
863 3285 1189 3381 ἱππικῷπαραχειμα-

100 3460 107 3467 ῃ
123 3376 584 3485 ζέντων,ώλάπτειν,ῆγούμενος
594 3385 910 3483 ξυμύησεσθαι,πέντε
919 3392 973 3483 μὲν
980 3393 1106 3487 σπείρας
1113 3398 1188 3489 πρὸς

121 3490 155 3556 τὸ
170 3490 402 3579 ἐπισιτίζεσθαι,
420 3499 469 3565 ἐπὶ
495 3500 566 3575 τοὺς
586 3497 712 3585 πλησίον
735 3498 861 3592 ἀγροὺς,
878 3495 918 3562 ὧν
940 3492 1056 3589 μεταξύ
1077 3526 1110 3567 τε
1137 3503 1188 3569 καὶ

121 3606 173 3663 τοῦ
198 3596 396 3694 ςρατοπέθου
413 3602 462 3682 ἐἷς
486 3606 576 3697 μόνον
600 3614 695 3695 μετῆν
718 3607 868 3697 γηλοφος,
887 3593 1093 3695 ἐξεπέμψατο·
1119 3601 1188 3675 θια.

122 3702 213 3773 κύσιοί
230 3736 266 3775 τε
285 3712 359 3802 πρὸς
383 3712 506 3788 τούτοις
527 3721 588 3777 τῶν
611 3709 660 3776 ἐπὶ
681 3710 762 3795 νόσῳ
779 3714 809 3775 ἐν
829 3721 870 3804 τῇ
881 3712 1032 3803 Βαρούτᾳ
1048 3714 1108 3780 ὑπὸ
1131 3724 1188 3781 τοῦ

121 3808 270 3907 Καίσαρος
303 3819 586 3908 καταλελειμμένων
615 3819 831 3911 ταγματιιιῶν
854 3824 1035 3909 ςρατιωτών
1063 3822 1092 3884 ἐν
1120 3827 1188 3898 ταῖς

121 3916 240 4007 ἡμέραις
261 3925 390 4001 ταύταις
409 3924 644 4017 ἀνυγινίσαντες,
659 3924 718 3989 ὑπὸ
738 3923 776 3987 τὸ
796 3930 918 4014 σημεῖον
943 3918 1188 4017 συνεξεπέμφθη·

50 4068 52 4075 ·
122 4042 183 4085 σαν·
213 4022 338 4117 ἁμαξῶν
362 4055 396 4095 τι
426 4030 501 4120 πρὸς
529 4030 651 4107 τούτοις
676 4030 755 4095 πολὺ
783 4028 917 4112 πλῆθος,
936 4029 988 4095 καὶ
1014 4031 1186 4099 ἀκολούθων

124 4129 212 4207 πολὺς
230 4134 340 4225 ύχλος,
360 4144 590 4229 συγχωροῦντος
605 4146 660 4202 τοῦ
673 4136 863 4229 Κικέρωνος,
876 4136 941 4228 ἀμα
961 4130 1096 4230 ίξύεσαν.
1184 4166 1187 4171 ·

170 4262 239 4332 ΙΙΙ.
953 4266 995 4338 3ι
