3000 5025
319 476 389 545 DE
417 474 996 549 VITAJULIICAESARIS.
1120 472 1197 573 ²59
1293 540 1297 549 .

116 604 273 677 felicitate
294 608 490 705 subegerat,
500 629 570 681 una
585 608 671 679 hora
684 586 726 681 nr
748 632 789 678 ac
805 634 857 679 xx
874 607 1069 681 vulneribus
1082 609 1126 681 ad
1136 624 1199 683 ter·

115 738 189 784 ram
212 714 311 785 datus
336 716 518 804 occubuit,
544 718 647 811 inque
678 740 815 785 omnem
840 729 965 785 terram
993 716 1126 804 auditus
1147 732 1199 788 est

117 823 222 893 ruinae
248 822 363 917 fragor
385 824 539 918 ingentis.
563 824 678 913 Quam
699 822 835 919 indigne
856 837 969 893 autern
987 826 1031 893 sit
1046 826 1198 914 occisus,

117 928 169 997 vel
192 930 273 1001 hinc
294 944 408 1026 patet,
429 930 521 1025 quod
542 928 656 1026 plures
675 954 716 999 ex
733 930 787 1001 his
806 930 865 1025 qui
882 954 960 1001 eum
979 930 1199 1024 occidenmt,
1308 950 1312 955 ’

115 1036 390 1125 intestam-ento,
403 1037 476 1132 ejus
497 1035 576 1122 filii,
599 1038 627 1107 si
647 1039 721 1132 quis
739 1036 827 1107 forte
840 1052 1053 1122 nasceretur,
1071 1053 1201 1109 tutores

115 1160 212 1215 erant
229 1145 423 1233 nominati3
451 1143 589 1238 quidam
611 1168 744 1240 quoque
770 1145 806 1213 in
832 1143 986 1216 secundis
1012 1144 1201 1217 haeredibus

117 1253 233 1347 scripti
254 1266 366 1321 ararit:
381 1265 420 1320 ut
436 1252 480 1320 D.
502 1254 644 1340 Brutus,
658 1253 716 1347 qui
733 1252 879 1321 maxime
899 1253 935 1321 in
952 1250 1043 1322 caede
1054 1276 1094 1323 ac
1111 1277 1201 1347 prae·

116 1358 213 1453 cipue
245 1358 381 1435 videtur
406 1357 512 1453 ipsius
535 1358 668 1447 fuisse3
694 1358 785 1453 quod
806 1357 943 1453 quidem
964 1373 1203 1429 testamentum

117 1467 235 1559 paucis
247 1480 325 1535 ante
343 1476 489 1534 mortem
502 1464 673 1535 mensibus
688 1464 822 1535 fecerat.
836 1468 928 1536 Nam
937 1466 973 1533 in
984 1465 1090 1536 altero
1102 1518 1113 1555 ,
1125 1480 1203 1535 ante

117 1570 195 1642 belli
217 1571 326 1643 civilis
343 1571 501 1657 initium,
522 1587 562 1641 ut
578 1571 716 1667 quidam
738 1569 899 1659 uadunt,
914 1574 977 1642 Cn.
994 1575 1204 1676 Pompeium,

117 1702 280 1771 generum
298 1702 418 1767 suum,
442 1679 581 1750 unicum
603 1680 784 1774 scripserat
800 1677 995 1767 hermem
1015 1679 1097 1765 scd,
1114 1679 1204 1749 bello

118 1802 255 1876 exorto,
276 1784 430 1855 mutandi
453 1786 646 1857 testamenti
660 1786 844 1881 justissima
870 1808 971 1855 causa
992 1785 1081 1856 firit:
1102 1810 1204 1857 nemo

118 1897 210 1964 eninr
228 1894 363 1964 hostem
379 1892 442 1962 sibi
464 1890 539 1963 vult
551 1891 720 1963 heredem
740 1890 899 1987 legatum.
916 1891 1048 1988 Populo
1064 1918 1205 1965 romano

117 2001 253 2095 publice
271 1999 405 2096 reliquit
424 1997 542 2071 hortos
558 2023 644 2095 quos
661 2000 752 2069 circa
773 1999 922 2070 Tiberim
941 1999 1108 2092 habebat,
1135 2002 1206 2096 pri·

119 2124 196 2179 vate
213 2124 328 2179 autern
347 2132 387 2177 ae
401 2106 528 2191 viritim
549 2120 718 2177 trecentos
742 2107 930 2196 teotonem
948 2106 1040 2202 quod
1056 2106 1205 2205 legatum

16 2230 17 2233 ’
120 2216 240 2313 ingens
260 2216 394 2303 druse,
420 2214 572 2309 quisquis
596 2212 713 2311 populi
742 2215 1021 2285 numerositatem
1045 2214 1207 2305 atterrdit,

120 2323 293 2418 intelliget
321 2325 552 2393 Decreverant
573 2322 738 2393 occisores
758 2346 882 2419 corpus
904 2324 940 2391 in
964 2322 1112 2393 Tiberim
1135 2322 1207 2417 jac·

16 2432 18 2514 ἰ
122 2445 214 2520 tare,
229 2431 319 2500 bona
332 2426 526 2526 publicare,
538 2444 614 2499 acta
625 2451 803 2499 revocare:
819 2428 877 2499 sed
887 2428 1118 2526 magnitudine
1130 2454 1206 2526 per·

121 2540 246 2634 petrati
268 2537 426 2608 facinoris
453 2537 606 2626 attoniti,
628 2551 663 2608 et
683 2546 776 2606 metu
796 2539 844 2606 M.
867 2538 1027 2625 Antonii,
1046 2540 1106 2632 qui
1124 2553 1207 2608 tunc

122 2645 256 2735 consul,
277 2660 312 2715 et
332 2642 475 2740 lepidi,
496 2645 554 2738 qui
578 2646 737 2740 magister
755 2645 906 2738 equitum
924 2645 1093 2714 Dictatori
1116 2660 1206 2736 erat,

122 2754 303 2841 absterriti,
320 2750 673 2847 destiterunt3fuitque
690 2750 755 2820 illis
764 2751 867 2820 unica
878 2749 965 2845 fugae
984 2766 1126 2840 cura3et
1142 2752 1207 2827 nisi

122 2879 197 2931 eam
218 2861 456 2954 arripuissent,
479 2856 661 2928 ludibrium
678 2858 830 2928 extincto
848 2871 1092 2952 preparatum,
1108 2859 1207 2928 miri-

123 2968 206 3039 lieos
217 2970 253 3037 in
265 2967 418 3037 homines
429 2989 567 3036 versum
580 2980 674 3036 esset.
685 2968 808 3061 -Rogus
817 2966 850 3034 ei
862 2987 1022 3035 accensus
1033 2966 1070 3035 in
1085 2985 1207 3060 campo

123 3075 271 3164 Martio,
292 3097 389 3144 secus
410 3071 580 3142 tumulum
604 3072 723 3162 Juliae,
740 3074 854 3142 nescio
875 3071 1029 3167 quidem,
1048 3097 1093 3141 an
1107 3070 1207 3161 filiae,

123 3207 167 3252 an
179 3183 307 3254 sororis
321 3205 332 3271 3
348 3181 481 3276 utrique
498 3182 589 3250 enim
607 3205 732 3252 nornen
745 3180 875 3250 linerat:
888 3179 976 3250 oedes
997 3201 1101 3249 aurea
1117 3194 1206 3248 tern-

124 3289 170 3385 pli
194 3292 232 3359 in
259 3289 404 3359 formem
424 3289 595 3357 memoriae
619 3289 692 3383 ejus
710 3282 886 3377 extructa}
907 3286 1012 3356 lectus
1039 3286 1207 3356 eburneus

124 3420 209 3468 auro
223 3410 348 3470 stratus
361 3419 402 3464 ac
416 3417 568 3491 purpura
582 3395 626 3464 ad
647 3411 750 3492 caput
763 3396 854 3490 ejus3
870 3394 1062 3488 trophaeum
1073 3391 1206 3489 adglo-

126 3506 233 3593 riam,
250 3519 284 3574 et
297 3505 416 3592 vestis,
428 3505 464 3572 in
485 3527 552 3598 qua
566 3519 639 3574 erat
658 3505 809 3591 occisus,
825 3500 869 3571 ad
881 3500 1207 3571 commiserationem

126 3613 350 3707 spectantium
373 3610 607 3699 excitandam
633 3610 797 3704 simulque
818 3611 905 3677 inter
932 3606 1029 3677 ludos
1052 3606 1208 3677 funereos

126 3719 168 3788 ad
182 3717 448 3790 misericordiam
461 3719 579 3807 occisi,
590 3731 625 3788 et
645 3717 803 3786 invidiam
823 3717 1032 3805 occisorum,
1048 3715 1207 3785 pacura-

126 3851 208 3896 num
226 3824 310 3896 illud
322 3827 409 3894 inter
426 3824 490 3894 alia
504 3824 736 3894 decantatum:
750 3827 831 3910 Me,
847 3845 1002 3894 servasse
1009 3875 1022 3911 ,
1040 3838 1083 3890 ut
1094 3835 1212 3892 essent

126 3940 189 4028 qui
208 3957 264 4004 me
280 3932 494 4030 perderent?
510 3931 717 4002 laudationes
744 3932 780 3999 in
804 3929 1091 4008 firnerevirornm
1112 3929 1208 3999 illus·

129 4042 231 4110 trium
250 4039 324 4112 fieri
339 4037 443 4109 solitae
453 4091 475 4134 ,Ι
484 4054 623 4135 propter
639 4037 864 4136 prolixitatem
879 4051 914 4106 et
930 4024 1091 4135 pompam
1112 4038 1207 4108 fune·

131 4147 190 4239 ris,
208 4149 264 4220 cui
282 4147 353 4218 dies
370 4171 441 4218 non
459 4147 644 4218 suffectura
660 4146 855 4230 uidebatur,
870 4148 1099 4240 pretermissa
1112 4163 1208 4237 sunt3

962 4280 1026 4375 17²
