3000 5025
314 501 390 597 476
605 484 822 575 C.'JUL11
849 507 1118 576 cffisffls

314 635 394 702 ἀλλὰ
413 642 476 715 τοῖς
498 629 691 737 δένδροις,
665 645 761 716 ευναῒς
786 648 931 733 χρῶνται·
950 645 1054 718 αὐτοῖς
1077 640 1132 733 μὲν
1152 638 1211 734 γάρ
1229 665 1384 733 προσερει-

315 732 460 833 δόμενοι,
478 744 529 812 καὶ
548 750 648 844 ὀλίγον
668 749 938 839 προσκόπτοντες,
958 750 1041 815 οὕτω
1062 739 1268 815 καθεύδουσιν·
1288 738 1372 813 ἐκδι

312 855 376 912 τῶν
392 848 492 984 ἰχνῶν
502 856 621 939 αὐτῶν
638 879 715 920 οπου
735 853 900 1026 ἀναχωρεῖν
922 854 1058 957 καθήμερ
1060 880 1092 921 ον
1114 853 1271 936 εἰώθασίν,
1283 880 1309 920 οι
1301 852 1373 926 θη

317 953 418 1046 ρευτοιὶ
437 958 580 1050 γνόντες,
596 959 638 1029 τὰ
656 959 787 1027 ἐνταῦθα
805 960 882 1028 ὅντα
900 940 1078 1055 δένδρα’
1032 986 1138 1028 παντα
1152 962 1260 1054 πρόρρι
1237 954 1320 1040 ιζα“
1311 985 1375 1026 υπο-

316 1063 512 1192 νομεόουσιν,
530 1067 624 1163 ἤγουν
642 1066 812 1150 κόπτουσι,
825 1077 957 1136 τοσοῦτο
978 1068 1070 1159 μόνον
1089 1059 1331 1149 διαλιπόντες,
1315 1091 1375 1132 οσον

314 1167 390 1259 πρὸς
404 1170 441 1236 τὸ
461 1160 619 1246 δόκησιν
602 1200 649 1242 ετι
663 1172 815 1263 ἱςαμένων
838 1176 991 1300 πριρέχιιν·
1008 1178 1055 1251 ὥς
1057 1165 1210 1241 ’ἐπειδὰν
1232 1170 1314 1240 κατὰ
1329 1174 1377 1245 τὴν

316 1273 473 1348 συνθθειαν
491 1290 574 1369 σφῶν
600 1288 665 1358 τοῖς
693 1271 874 1374 δένδροις
848 1307 877 1348 οι
894 1278 984 1359 ἀλκις
1005 1305 1117 1372 προσερ
1103 1272 1259 1371 ρείδωσιν,
1281 1277 1377 1350 ἀσθενῆ
1462 1294 1464 1335 1

315 1378 397 1447 αὐτὰ
414 1391 461 1468 τῷ
483 1397 566 1475 σφῶν
585 1383 671 1481 όοίρει
685 1387 864 1468 ἀνασπῶσι,
879 1387 930 1454 καὶ
944 1386 1034 1454 αὐτοὶ
1053 1387 1119 1478 άμα
1133 1381 1350 1478 ξυμπίπτυυσι.

368 1487 535 1561 XXVIII.
555 1494 667 1591 Τρίτον
688 1484 717 1558 δ’
736 1494 840 1560 ἔνεισιν
861 1497 891 1560 ἐν
917 1498 1003 1582 αὐτῷ
1025 1497 1090 1587 όροι
1107 1497 1310 1585 καλοόμενοι,
1322 1489 1379 1558 ὀλί·

315 1615 369 1685 γον
383 1594 437 1685 μὲν
452 1605 514 1664 τῶν
529 1600 701 1692 ἐλεφάντων
717 1601 755 1666 τὸ
771 1609 862 1692 σῶμα
875 1601 1069 1730 μικρότεροι,
1084 1599 1137 1666 καὶ
1150 1611 1190 1692 τῇ
1207 1603 1288 1694 αὐτῇ
1302 1597 1380 1691 χροίᾳ

229 1758 231 1768 ,
314 1722 366 1780 τε,
381 1699 433 1768 καὶ
452 1719 559 1803 μορφῇ
575 1717 640 1786 τοῖς
658 1708 731 1799 παρ’
753 1713 825 1794 ἡμῖν
853 1710 976 1800 ταόροις
1004 1706 1086 1774 εἰσίν·
1116 1705 1317 1835 ἰσχυρότατοι
1334 1697 1381 1787 δὲ,

315 1805 367 1874 και
395 1807 468 1899 μάλ’
500 1815 644 1908 ἐλαφροὶ,
666 1815 737 1882 τότε
763 1811 990 1908 ἀνθρώπου,”
954 1815 1080 1907 ουτεγ’
1108 1810 1205 1880 ἄλλου
1232 1813 1333 1893 τινὸς,
1351 1808 1380 1878 οὗ

314 1904 484 2000 κατίδωσι,
499 1912 657 2010 φείδονται
676 1913 768 1998 ζῶον.
788 1922 925 1998 Τοότους
948 1912 984 1988 δὲ
1004 1947 1024 1987 κ
1025 1927 1155 2012 ρυπταῖς
1177 1914 1381 2012 τάφροις,καὶ

315 2019 465 2147 ὀρύγμασι
483 2035 523 2120 γῇ
543 2028 727 2105 ἐπιπολαίως
757 2029 994 2119 κεκαλυμμένοις
1013 2027 1145 2121 αἱροῦσιν
1166 2025 1194 2092 οἱ
1220 2023 1382 2117 Γερμανοὶ,

314 2123 365 2190 καὶ
384 2127 607 2201 ἀποκτείνουσι·
632 2135 735 2218 τοότῳ
769 2133 822 2225 μὲν
856 2141 902 2219 τῷ
928 2134 1033 2219 πόνῳ,
1053 2131 1105 2200 καὶ
1131 2159 1175 2228 τιρ
1201 2132 1383 2225 σκληρότητι

314 2234 548 2325 σκληραίνονται
563 2243 662 2334 ταότγ,
684 2240 712 2306 οἱ
729 2247 853 2316 νεανιεῖς
875 2239 1089 2333 Γερμανοὶ,
1056 2264 1111 2306 τον
1131 2241 1247 2331 τρόπον
1275 2263 1311 2304 τε
1333 2245 1382 2313 τῆς

314 2335 442 2429 θόρας
424 2356 549 2413 ασκοῦσι
564 2355 686 2414 τοῦτον·
703 2345 755 2412 καὶ
773 2372 801 2412 οι
792 2339 904 2423 ’έΕ’
872 2355 975 2413 αυτῶν
993 2345 1171 2422 πλείςους’
1153 2342 1382 2419 αποκτείναντες
1458 2339 1473 2349 ”

314 2446 423 2536 ὅρους,
442 2446 484 2517 τὰ
512 2456 629 2548 κέρατα
657 2451 742 2521 οὗτοι
773 2444 971 2563 δημοσίως’
946 2479 987 2532 εις
999 2477 1110 2585 μαρτυ
1114 2478 1175 2544 ριον
1197 2452 1382 2547 ἐνεγκόντες,
1473 2446 1475 2516 ἕ

313 2556 372 2619 ὑπὸ
389 2554 511 2624 πάντων
527 2562 647 2653 μαλιςα
671 2540 877 2627 ἐπαινοῦνται·
900 2561 972 2638 τοὺς
996 2564 1013 2625 ό
1016 2586 1084 2652 ρους
1102 2551 1139 2625 δὲ
1154 2562 1306 2640 τοότους,
1319 2550 1383 2624 οόδι

278 2668 280 2675 “
313 2662 451 2754 νιογνους
459 2661 621 2752 λαόοντες,
633 2658 825 2735 δυνανται
794 2694 847 2734 ε
809 2662 919 2745 θοί.ζειν
929 2669 1083 2760 Κέρατα
1067 2668 1252 2757 εχουσι,τό,
1264 2691 1300 2732 τε
1313 2662 1384 2732 τλά

315 2791 386 2850 wc,
401 2770 452 2839 καὶ
470 2776 527 2847 τὴν
548 2777 684 2867 μορφὴν,
703 2775 756 2841 καὶ
768 2775 806 2841 τὸ
825 2765 906 2851 εἶδος
925 2774 987 2841 ἀπὸ
1006 2781 1067 2840 τῶν
1086 2772 1223 2864 κεράτων
1238 2780 1303 2839 τῶν
1318 2770 1383 2861 παρ’

312 2877 383 2963 ἡμῖν
402 2870 481 2945 θοῶν
495 2881 575 2946 πολὺ
595 2872 808 3012 διαφέρουσριι·
817 2889 920 2946 ταῦτα
935 2880 990 2972 μὲν
1008 2880 1037 2947 οἱ
1050 2879 1201 2974 Γερμανοὶ
1215 2868 1384 2955 σπουδαίως

316 2972 527 3056 συίητουσι
494 3011 536 3053 τοι
549 2989 680 3081 κέρατα,
688 2988 740 3054 καὶ
751 2988 814 3054 ἀπὸ
824 2994 886 3053 τῶν
900 2989 1038 3078 χειλῶν’
1015 2988 1142 3120 ριργόρῳ
1152 3012 1190 3053 πε
1193 2979 1386 3080 ριλαμόοίνου·

271 3100 280 3109 ‘
316 3109 380 3169 σιν,
390 3087 419 3155 ίν
430 3116 464 3157 τε
477 3098 541 3170 τοῖς
553 3093 814 3171 πολυτελεςάτοις
823 3085 1025 3177 δείπνοις,’
979 3118 1120 3185 πωμασιν
1129 3096 1234 3170 αὐτοῖς
1244 3101 1383 3186 χρῶνται

320 3196 494 3265 XXIX.
509 3184 539 3264 0
558 3190 594 3266 δὲ
612 3203 756 3289 Καῖσαρ,
773 3191 879 3274 ἐπειδὴ
898 3197 985 3294 παρὰ
1002 3209 1065 3265 τῶν
1085 3193 1208 3265 Οόόίων
1227 3197 1319 3291 ἔμαθε
1333 3223 1384 3264 κα·

314 3300 480 3371 τασκόπων
491 3306 586 3387 ,τοὺς
607 3306 795 3384 Σουεόους’
771 3332 811 3384 εις
830 3332 873 3373 τα
857 3297 912 3371 δ
914 3332 996 3397 ρυμα
1015 3307 1235 3398 ἀποχωρῆσαι,
1251 3307 1309 3377 τὴν
1329 3310 1384 3370 τῶν

315 3400 496 3481 ἐπιτηδείων
519 3402 635 3481 ἔνδειαν
655 3404 779 3496 δείσας,
792 3416 841 3479 ὅτι
854 3416 888 3480 οὐ
903 3415 998 3496 πολὺ,
1009 3419 1049 3490 ὡς
1063 3411 1116 3479 καὶ
1131 3402 1194 3486 ἤδη
1214 3410 1385 3504 ἐρρέθη,τῇ

317 3514 449 3610 γεωργίᾳ
478 3519 506 3585 οἱ
532 3520 680 3613 Γερμανοὶ
708 3509 950 3603 σπουδάζουσιν,
976 3519 1027 3587 ἐπὶ
1052 3524 1156 3586 πλεῖον
1184 3522 1219 3586 οὐ
1252 3510 1384 3590 διενοηθη

315 3623 462 3711 προϊέναι·
480 3625 611 3693 ἀλλ’ἵνα
629 3628 671 3720 μὴ
685 3627 869 3693 παντάπασι
890 3636 947 3694 τοῦ
966 3626 1019 3716 ἀφ’
1033 3629 1146 3692 ἑαυτοῦ
1168 3617 1256 3703 δέους
1274 3624 1304 3691 οἱ
1317 3627 1385 3755 Γερ·

314 3728 406 3817 μανοὶ
423 3730 521 3798 ελιυθε
509 3738 649 3823 εροῒντο,
665 3732 716 3799 καὶ
733 3733 772 3798 ον’
787 3734 852 3859 ἀμρι
871 3733 905 3799 αἱ
922 3732 1099 3810 πολλάκις
1087 3735 1140 3799 υπ’
1161 3736 1263 3798 αὐτῶν
1279 3729 1322 3809 είς
1335 3732 1384 3802 τὴν

315 3833 474 3904 Γαλατίαν
490 3840 684 3932 πεμπόμεναι
699 3837 892 3967 συμμαχίαι,
904 3831 1169 3934 όρσιδόνοιντο,
1137 3863 1175 3906 το
1189 3843 1304 3905 ἑαυτου
1314 3838 1386 3904 ἀπα·

314 3944 417 4069 χαγὼν
443 3945 625 4038 ςράτευμα,
641 3954 697 4016 τοῦ
724 3971 778 4038 μεν
808 3942 893 4012 κατὰ
918 3946 990 4024 τοὺς
1017 3940 1150 4025 Οθόίους
1177 3956 1234 4024 τῆς
1261 3945 1384 4054 γερόρᾶι

315 4047 446 4138 ἔσχατον
471 4054 579 4145 μέρους
608 4044 772 4121 διακοσίων
791 4044 899 4120 ποδῶν
919 4063 1015 4145 μῆκος
1033 4054 1246 4120 κατέλυσεν·
1233 4076 1263 4117 εν
1283 4042 1380 4117 δὲ
1344 4072 1385 4131 τῳ

315 4148 400 4242 ἀλλιρ
414 4157 539 4250 ἐσχάτῳ
552 4160 634 4251 μέρει
648 4162 768 4253 πόργον
780 4158 935 4249 τεσσάρων
955 4168 1053 4253 ςεγῶν
1066 4162 1281 4227 κατεσκεύασε·
1295 4155 1346 4223 καὶ
1356 4156 1383 4219 ἐν
