3000 5025
390 454 429 524 C.
456 454 648 523 JULIUS
675 453 865 523 CAESAR.
1099 456 1175 532 303

111 593 127 628 ιι
142 565 239 657 μένοις
259 552 482 645 δυσκολαίνεις,
494 570 545 629 νῦν
560 561 614 654 μὲν
627 552 767 628 ἐκποδὼν
785 559 881 629 ἀπιθι·
891 563 1062 657 παρρησίας
1072 565 1131 661 γὰρ
1145 571 1179 636 οὗ

46 742 50 752 ,
111 702 125 734 ο
142 662 241 738 δεῖται
254 669 399 759 πόλεμος.
416 650 504 735 ὅταν
519 659 554 735 δὲ
568 666 751 760 καταθῶμαι
766 653 809 735 τά
822 671 925 752 ὅπλα,
936 666 1117 763 συμόάσεων
1132 700 1181 770 γε-

110 808 124 841 t<
138 780 287 871 νομένων,
301 776 376 843 τότε
388 776 503 869 παριὼν
520 766 766 869 δημαγωγήσεις.
781 774 846 841 Καὶ
864 785 968 843 ταῦτα
980 768 995 865 (
1007 779 1063 869 ἔφη
1073 771 1087 867 )
1098 784 1181 876 λέγω

16 948 17 953 ,
108 895 198 951 ιι-τῶν
218 886 356 975 ἐμαυτοῦ
372 873 496 949 δικαίων
512 884 679 976 ὑφιέμενος.
697 867 782 973 Εμὸς
796 880 854 975 γὰρ
868 877 894 948 εἶ
910 884 946 949 σὺ
960 932 970 967 ,
982 884 1034 950 καὶ
1047 885 1181 973 πάντες,

107 993 223 1069 ιόσους
242 986 355 1081 εἴληφα
368 996 430 1056 τῶν
454 988 528 1082 πρὸς
547 988 601 1081 ἐμὲ
619 987 846 1065 ςασιασάντων.
864 1018 883 1053 υ
905 991 1017 1057 Ταῦτα
1032 992 1108 1082 πρὸς
1123 996 1179 1062 τὸν

102 1099 256 1165 Μέτελλον
286 1096 399 1179 εἰπὼν,
417 1086 539 1173 ἐύάδιζε
561 1096 636 1189 πρὸς
663 1091 721 1172 τάς
742 1094 833 1187 θύρας
857 1105 915 1163 τοῦ
945 1096 1096 1190 ταμιείου.
1121 1102 1177 1175 Μὴ

15 1268 17 1291 ,
102 1205 285 1297 φαινομένων
307 1191 342 1269 δὲ
366 1211 429 1267 τῶν
454 1194 742 1293 κλειδῶν’χαλκεῖς
765 1198 1064 1296 μεταπεμψάμενος,
1089 1204 1179 1273 ἐκκύ-

102 1336 182 1377 πτειν
209 1310 355 1377 ἐκέλευεν·
380 1304 462 1387 αὖθις
489 1299 518 1373 δ’
533 1311 710 1401 ἐνιςαμένου
738 1318 797 1375 τοῦ
818 1301 998 1394 Μετέλλου,
1018 1309 1071 1377 καί
1089 1337 1179 1380 τινων

101 1419 322 1501 ἐπαινούντων,
336 1407 564 1508 διατεινάμενος
582 1412 743 1491 ἠπείλησεν
765 1416 942 1483 ἀποκτενεῖν
963 1418 1075 1501 αὐτὸν,
1089 1418 1115 1484 εἰ
1134 1422 1176 1511 μὴ

101 1526 251 1591 παύσαιτο
265 1529 475 1623 παρενοχλῶν.
485 1551 502 1585 ιι
511 1521 575 1591 Καὶ
594 1530 689 1589 τοῦτο
696 1513 783 1613 (ἔφη)
790 1527 1026 1615 μειράκιον,οὐκ
1037 1524 1179 1617 ἀγνοεῖς,

14 1628 17 1647 ³
105 1634 182 1699 «ότι
201 1657 255 1723 μοι
275 1621 505 1722 δυσκολώτερον
529 1624 565 1701 ἦν
584 1627 694 1713 εἰπεῖν,
713 1626 732 1703 ἢ
751 1622 876 1722 πρᾶξαι.
895 1658 913 1693 »
935 1628 1037 1709 Οὗτος
1054 1635 1071 1696 ό
1088 1632 1180 1726 λόγος

14 1728 16 1741 ’
101 1739 169 1806 τότε
189 1736 242 1805 καὶ
259 1738 418 1805 Μέτελλον
440 1736 580 1803 ἀπελθεῖν
602 1734 724 1809 ἐποίησε
738 1726 989 1819 καταδείσαντα,
1003 1734 1056 1803 καὶ
1077 1734 1181 1806 τάλλα

14 1862 16 1935 ξ
103 1836 211 1937 ῥᾳδίως
232 1843 387 1931 αὐτῷκαὶ
404 1843 524 1935 ταχέως
544 1841 761 1934 ὑπηρετεῖσθαι
778 1843 854 1935 πρὸς
872 1844 927 1910 τὸν
944 1842 1078 1936 πολεμον
1088 1840 1112 1910 ².

14 1942 16 1961 ’
148 1952 315 2019 XXXVI.
333 1937 492 2043 Εςράτευι
511 1940 541 2015 δ’
558 1947 601 2029 εἰς
616 1932 779 2042 Ῑύηρίανὸ,
791 1949 940 2044 πρότερον
955 1951 1093 2043 ἐγνωκὼς
1108 1955 1180 2032 τοὺς

100 2059 164 2151 περὶ
176 2046 334 2150 Ᾰρράνιον
349 2057 401 2123 καὶ
418 2056 547 2150 Βάρωνα
565 2052 730 2149 Πομπηίου
748 2049 939 2148 πρεσύευτὰς
955 2050 1110 2141 ἐκύαλεῖν,
1128 2059 1180 2125 καὶ

14 2174 16 2253 j
100 2164 152 2245 τὰς
169 2167 234 2232 ἐκεῖ
253 2155 396 2257 δυνάμεις
414 2161 537 2241 καὶτὰς
552 2162 700 2257 ἐπαρχίας
718 2164 769 2253 ὑφ’
785 2168 871 2248 αύτῷ
886 2162 1108 2255 ποιησάμενος,
1126 2168 1181 2233 οὕ-

14 2260 16 2331 Ῠ
100 2298 156 2351 τως
177 2270 229 2339 ἐπὶ
245 2272 409 2365 Πομπέίον
431 2272 583 2352 ἐλαύνειν,
597 2260 717 2362 μηδένα
729 2266 814 2335 κατὰ
830 2270 930 2337 νώτου
943 2278 1006 2336 τῶν
1026 2271 1180 2364 πολεμίων

13 2386 15 2453 ῥ
99 2378 331 2471 ὑπολιπόμενος.
346 2368 553 2455 Κινδυνεύσας
573 2367 609 2442 δὲ
623 2375 674 2443 καὶ
693 2363 707 2466 (
721 2384 768 2462 τῷ
782 2368 795 2465 )
809 2378 932 2468 σώματι
943 2382 1092 2456 πολλάκις
1106 2380 1180 2446 κατ’

13 2488 15 2514 ³
99 2476 237 2578 ἐνέδρας,
249 2485 302 2552 καὶ
315 2492 361 2572 τῷ
379 2491 487 2577 ςρατῷ
506 2481 627 2577 μάλιςα
642 2473 697 2549 διά
713 2482 825 2574 λιμὸν,
843 2486 899 2551 οὐκ
919 2482 1011 2557 ἀνῆκε
1030 2483 1179 2580 πρότερον

13 2589 16 2632 ί
100 2584 218 2660 διώκων
239 2591 292 2660 καὶ
315 2596 558 2685 προκαλούμενος
579 2587 631 2656 καὶ
655 2591 883 2682 περιταφρεύων
909 2592 982 2666 τοὺς
1009 2581 1178 2683 ἀνδρας,,ἢ

14 2691 15 2694 ¹
98 2702 198 2792 κύριον
214 2699 269 2790 βίιρ
286 2696 427 2792 γενέσθαι
442 2708 506 2764 τῶν
524 2686 746 2789 ςρατοπέδων,
761 2697 813 2760 καὶ
826 2701 888 2760 τῶν
907 2685 1076 2788 δυνάμεων.
1093 2698 1135 2764 Οἱ
1150 2690 1181 2764 δ’

98 2806 243 2901 ἡγεμόνες
258 2807 378 2896 ᾤχοντο
391 2805 466 2895 πρὸς
480 2805 643 2896 Πομπηίον
657 2802 820 2892 φεύγοντες
830 2785 853 2866 ⁴.

149 2913 336 2980 XXXVII.
349 2894 570 2978 Επανελθόντα
589 2899 618 2973 δ’
637 2907 677 2985 εἰς
693 2892 805 2999 Ῥώμην
824 2904 970 2998 Καίσαρα
988 2905 1107 2975 Πείσων
1125 2911 1179 3003 μὲν

99 3026 115 3088 ό
133 3019 278 3112 πενθερὸς
300 3016 467 3111 παρακούει
484 3015 559 3108 πρὸς
584 3016 747 3106 Πομπόίον
766 3013 946 3090 ἀποςέλλειν
968 3006 1083 3108 ἄνδρας
1104 3019 1179 3112 ὑπὲρ

100 3118 283 3208 διαλύσεως,
300 3109 456 3217 ίσαυρικὸς
469 3114 504 3188 δὲ
519 3120 654 3216 Καίσαρι
666 3114 865 3213 χαριζόμενος
880 3120 1032 3190 ἀντεῖπεν.
1047 3124 1181 3218 Αίρεθεὶς

101 3224 134 3299 δὲ
153 3225 315 3324 δικτάτωρ
333 3233 393 3298 ὑπὸ
408 3239 464 3310 τῆς
481 3233 592 3314 βουλῆς
603 3213 627 3312 ⁵,
636 3215 777 3322 φυγάδας
797 3253 833 3294 τε
852 3214 1040 3323 κατιόγαγεᾶ,
1051 3230 1103 3296 καὶ
1118 3239 1179 3298 τῶν

101 3339 148 3408 ἐπὶ
167 3341 273 3406 Σύλλα
290 3330 552 3429 δυστυχησάντων
571 3336 645 3412 τοὺς
661 3324 777 3412 παῖδας
797 3333 955 3426 ἐπιτίμους
967 3333 1109 3420 ε’ποίησι,
1128 3337 1181 3405 καὶ

145 3571 171 3606 ι.
190 3549 291 3602 AErarii
308 3545 409 3620 quippe
424 3547 510 3601 claves
522 3563 619 3598 consu·
706 3544 733 3598 3.
748 3544 801 3596 Dio
821 3543 893 3597 cass.
907 3563 967 3610 m,
985 3548 1119 3618 18-37.

102 3631 138 3684 les
153 3627 298 3684 habehant„
705 3631 732 3687 4.
744 3623 808 3676 Hac
823 3625 911 3676 obiter
925 3624 1086 3679 admodum:
1101 3628 1181 3699 plura

145 3731 172 3764 ε.
184 3711 264 3762 Teste
276 3707 382 3772 Plinio,
394 3708 425 3761 C.
435 3705 523 3759 Coesar
531 3704 620 3776 primo
664 3701 735 3775 apud
751 3703 817 3757 Coes.
834 3704 900 3757 Bell.
915 3705 974 3758 civ.
989 3723 1001 3757 ι
1016 3718 1043 3759 et
1058 3726 1090 3761 11.

102 3790 217 3844 introitu
231 3789 307 3842 urbis
322 3788 351 3840 in
366 3786 440 3840 civili
454 3785 539 3849 hello,
554 3803 619 3855 pro·
707 3783 734 3836 5.
748 3783 811 3835 Non
820 3794 948 3849 amatu,
960 3785 1009 3837 ίιπὺ
1021 3791 1065 3847 τῆς
1076 3789 1181 3853 &Min

102 3872 165 3925 tulit
179 3889 213 3923 ex
232 3870 326 3923 orario
344 3868 459 3920 laterum
478 3880 620 3918 aureorum
666 3860 712 3916 sed
724 3875 755 3940 ιιι
765 3863 868 3934 egregie
881 3865 1181 3939 Βίο,παρλτὰπάερια,

104 3969 156 4004 xxv
170 3947 271 4016 millia,
287 3961 473 4020 argenteorum
486 3963 579 4010 xm,
592 3957 621 3998 et
665 3962 680 3995 ιι
694 3943 773 4014 plebe
781 3954 808 3994 et
821 3955 945 4013 praetore.

104 4031 132 4083 in
141 4043 283 4086 numerato
294 4029 348 4083 HS.
356 4045 426 4082 ουσε.
435 4022 509 4090 (Lib.
518 4041 620 4090 xxxin,
706 4026 733 4075 6.
749 4023 869 4094 Excepto
874 4042 931 4077 uno
937 4025 1051 4092 Milone,
1061 4027 1178 4099 quiclo.

110 4108 172 4184 17.)
666 4101 743 4155 dium
759 4099 899 4157 occiderat.
