3000 5025
253 468 560 539 INTERPRES
587 464 823 537 GRAECUS.
852 470 951 543 LIB·
980 471 1055 540 ΙΙΙ.
1119 478 1192 559 ἀοι

119 606 297 694 ὑπομένειν,
312 601 394 671 ἀλλὰ
403 603 523 681 πάντας
534 588 612 695 ἐμοῦ
627 601 666 679 εἰς
677 604 775 695 φυγὴν
789 607 931 696 ὁρμῆσαι·
944 607 1055 683 αὐτοὺς
1070 597 1100 673 δ’
1114 610 1195 700 ὅμως

118 711 146 777 οῖ
166 695 305 803 Ρωμαῖοι
323 716 438 787 νεαλεῖς
459 711 504 779 ἔτ’
518 709 603 787 ὄντες
622 702 876 793 καταλαόόντες,
891 711 962 789 τοὺς
981 710 1035 802 μὲν
1051 713 1196 794 πλείςους

117 817 313 885 ἀπέκτειναν·
333 819 405 894 τοὺς
425 808 461 881 δέ
477 818 603 893 λοιποὺς
628 806 847 894 ἐπιδιώξαντες
871 816 898 883 οἱ
921 817 1042 901 ἱππεῖς,
1056 819 1195 915 ὀλίγους,

117 935 202 1017 φυγῇ
221 934 318 990 σῶσαι
346 924 473 999 ἑαυτοὺς
505 923 737 1015 συνεχώρησαν,
758 924 815 999 ὦς’
843 925 873 989 ἐν
905 924 1112 1016 μὲν,ταυτῷ,
1137 932 1195 1003 τήν

115 1040 231 1096 τετοῦ
257 1028 413 1122 Καίσαρος
434 1026 607 1119 ναυμαχίαν
626 1033 642 1093 ὁ
667 1024 816 1113 Σαόῖνος,
832 1027 884 1095 καὶ
906 1032 963 1103 τὴν
988 1041 1044 1099 τοῦ
1066 1028 1195 1101 Σαόίνου

114 1139 236 1210 ταύτην
254 1134 340 1209 νίκην
359 1140 375 1201 ό
394 1138 516 1227 Καῖσαρ
533 1134 699 1225 κατέμαθε.
715 1132 811 1201 Μετὰ
830 1126 865 1201 δὲ
884 1138 1002 1210 ταύτην
1018 1140 1073 1211 την
1093 1139 1196 1230 μάχην

115 1242 142 1310 οἱ
164 1243 317 1309 Οὐνέλλοι
337 1240 378 1308 τά
401 1268 436 1308 τε
454 1252 538 1331 σφῶν
561 1238 685 1322 πάντα,
704 1240 756 1309 καὶ
774 1246 853 1333 σφοῖς
876 1242 987 1321 αὐτοὺς
1003 1252 1055 1331 ,τῷ
1076 1240 1197 1333 Σαόίνῳ

113 1340 304 1442 παρέδοσαν·
328 1353 367 1426 ὡς
390 1346 443 1441 μῖν
463 1346 521 1443 γὰρ
547 1349 622 1439 πρὸς
647 1349 684 1415 τὸ
704 1350 857 1440 πολέμους
877 1348 1012 1441 αἴρεσθαι
1034 1360 1197 1443 προπετεῖς

113 1482 167 1536 τε,
184 1456 239 1523 καὶ
259 1454 408 1547 πρόθυμοι
428 1454 499 1521 εἰσὶν
519 1454 547 1521 οἱ
567 1454 691 1520 Γάλλοι·
711 1458 858 1532 ὡσαύτως
875 1454 1010 1548 μαλακοί
1030 1482 1081 1541 τε,
1096 1458 1148 1523 καὶ
1167 1461 1196 1525 ἐν

13 1638 14 1645 ,
113 1569 180 1639 τοῖς
202 1554 403 1655 δυςυχύμασι
422 1566 456 1629 οὐ
475 1559 648 1655 καρτερικοὶ
666 1559 814 1655 γίνονται.

13 1654 14 1661 ¹
164 1672 247 1738 XX.
267 1668 343 1763 Περὶ
358 1660 394 1735 δέ
415 1670 544 1746 τούτους
566 1666 637 1745 τοῖς
655 1668 808 1760 καιροὺςό
828 1668 984 1750 Πούπλιος
998 1669 1141 1762 Κράσσος
1156 1670 1196 1749 είς

111 1779 169 1851 τὴν
188 1766 376 1843 Ᾰκυῖτανίαν
393 1772 495 1857 (κατὰ
515 1767 551 1841 δὲ
570 1776 627 1848 τόν
647 1799 682 1840 τε
701 1783 758 1851 τῆς
777 1777 879 1865 χώρας
898 1777 1072 1867 εὐρύτητα,
1088 1776 1141 1843 καὶ
1158 1780 1196 1846 τὸ

112 1893 176 1950 τῶν
193 1884 391 1949 ἐνοικούντων
408 1881 574 1975 ἀνθρώπων
588 1879 722 1963 πλῆθος,
737 1880 844 1971 τρίτον
860 1882 949 1972 μέρος
967 1891 1023 1959 τῆς
1039 1882 1196 1963 Γαλατίας

13 2070 20 2087 ⁵
111 1991 247 2083 νομις-έα
265 1984 349 2073 ἐςὶν)
364 1988 503 2075 α’φίκετο·
529 1992 558 2055 ἐν
577 1990 712 2082 τῇαύτῇ
731 1976 762 2051 δ’
779 1984 881 2080 ἐκείνη
899 1988 988 2080 χώρᾳ
1005 1991 1195 2081 πολεμητέον

111 2093 188 2163 εἶναι
204 2101 307 2180 ἑαυτῷ
318 2145 328 2178 ,
340 2098 371 2162 ἐν
385 2092 405 2188 ἦ
418 2096 492 2188 παρ’
507 2093 609 2189 ὀλίγον
620 2092 748 2186 πρόσθεν
766 2099 783 2159 ὁ
798 2094 929 2171 Λούκιος
943 2097 1090 2187 Βαλόριος
1106 2098 1194 2189 Πρη-

111 2204 233 2285 κόνιος,
246 2203 403 2297 ςρατηγὸς
423 2210 484 2269 τῶν
502 2186 675 2295 Ρωμαίων,
690 2202 742 2267 σὺν
759 2209 800 2292 τῇ
815 2203 934 2293 ςρατιᾷ
949 2200 1093 2279 ἡττηθεὶς
1107 2193 1195 2295 διεφ-

110 2309 211 2403 θάρη,
238 2308 318 2375 ἐνθεν
346 2309 373 2376 θ’
397 2314 412 2375 ὁ
437 2311 566 2387 Λούκιος
591 2306 732 2385 Μάλλιος
758 2307 871 2391 αὐτὸς,
891 2313 908 2373 ό
932 2307 1131 2399 προόπατος,
1153 2308 1196 2375 τὰ

109 2416 284 2509 σκευοφόρα
296 2409 484 2497 ἀποθαλὼν,
499 2416 624 2509 ἔφυγεν,
640 2415 849 2505 ἐννοούμενος,
864 2415 984 2504 ἀμελῶς
1004 2407 1194 2508 διαχειριςέα

109 2521 244 2590 εἶναιτὰ
260 2522 433 2618 πράγματα
449 2522 607 2609 οθκῴηθη·
624 2521 692 2587 ἀλλ’
708 2527 747 2598 ὡς
763 2529 883 2611 τάχιςα
897 2521 951 2588 τὸν
965 2521 1083 2613 ςρατὸν
1101 2527 1196 2590 ἐπισι·

109 2630 278 2722 τισάμενος
290 2629 470 2723 συμμάχους
482 2655 516 2696 τε
525 2627 658 2703 πολλοῖς
668 2625 720 2693 καὶ
736 2626 831 2693 ἵππον
847 2628 963 2699 πολλὴν
979 2628 1192 2719 συναθροίσας,

108 2739 247 2814 πολλούς
260 2763 296 2804 τε
313 2737 389 2829 πρὸς
407 2738 529 2812 τούτοις
551 2725 665 2822 ἄνδρας
684 2730 808 2824 άρίςους
833 2733 867 2798 ἐκ
887 2755 922 2796 τε
946 2742 1002 2809 τῆς
1024 2736 1193 2818 Τολώσης,

109 2846 162 2912 καὶ
190 2847 419 2936 Καρκασῶνος,
441 2840 493 2908 καὶ
519 2833 827 2933 Ναρύῶνοςίπόλεις
857 2829 940 2901 δ’“ε’ν
967 2847 1008 2931 τῇ
1034 2840 1193 2932 Γαλατίᾳ,

109 2952 163 3018 καὶ
185 2951 276 3044 ἐγγὺς
291 2947 484 3042 ἐπικρατείας
505 2945 598 3014 αὗται
621 2939 712 3026 εἰσὶν)
732 2943 865 3034 ὀνομαςὶ
884 2945 1192 3037 παρακαλεσάμενος,

109 3058 151 3135 εἰς
174 3059 232 3130 τὴν
253 3064 314 3122 τῶν
337 3053 512 3124 Σοντιάτων
535 3056 639 3146 χώραν
660 3043 811 3118 ἐνέόαλεν·
834 3045 863 3117 οἳ
882 3052 938 3122 την
963 3051 1058 3118 αὐτοῦ
1082 3044 1192 3142 ἔφοδον

108 3162 235 3256 τάχιςα
254 3163 398 3256 γνόντες,
416 3163 468 3227 οιλν
489 3166 596 3227 πολλῶ
616 3183 652 3225 τε
672 3151 809 3243 πεζικῷ,
828 3156 879 3223 καὶ
898 3153 924 3243 ᾧ
941 3155 1062 3247 μαλιςα
1081 3150 1191 3225 δύναν-

109 3297 167 3339 ται
192 3270 329 3354 ἱππικῷ,
344 3271 374 3334 ἐν
402 3278 441 3361 τῇ
467 3257 532 3354 ὁδῷ
559 3271 622 3344 τοῖς
639 3249 793 3355 θωμαίοις
812 3263 967 3351 ἐπέθεσαν.
987 3262 1052 3329 Καὶ
1069 3272 1191 3356 πρῶτον
1286 3305 1289 3309 -

110 3379 169 3468 μὲν
189 3378 254 3454 τοῖς
275 3361 427 3466 θωμαίοις
452 3366 611 3466 συνέμιξαν
629 3372 658 3438 οἱ
677 3374 778 3436 αὐτῶν
798 3370 908 3448 ἱππεῖς·
926 3369 1036 3436 ἔπειτα
1059 3361 1111 3454 δὲ,
1126 3378 1191 3450 τοῖς
1239 3395 1242 3399 ’

109 3470 288 3575 ῥωμαίοις,
303 3485 432 3572 τούτους
451 3483 592 3554 νικήσασι
607 3479 658 3546 καὶ
673 3465 886 3546 ἐπιδιώκουσιν
897 3525 907 3557 ,
918 3475 1024 3554 εὐθέως
1040 3479 1097 3550 τήν
1111 3470 1192 3555 πεζι·

109 3593 169 3663 κήν
197 3580 319 3666 ἔδειξαν-
339 3580 479 3679 δύναμιν·
505 3590 609 3663 αὐτοῖς
637 3609 672 3651 τε
696 3580 788 3660 άλλος
809 3580 921 3650 άλλοσε
946 3581 986 3660 εἰς
1007 3585 1063 3656 την
1089 3574 1191 3660 δίωξιν

110 3689 347 3788 διεσπαρμένοις
370 3694 558 3786 ἐπιθέμενοι,
573 3694 630 3765 τὴν
646 3689 748 3782 μάχην
769 3690 986 3756 ἀνενεώσαντο.

166 3805 264 3870 ΧΧΙ.
290 3801 352 3868 Καὶ
380 3791 553 3893 ἐρρωμένως
577 3799 630 3890 μὲν
658 3800 709 3863 καὶ
736 3791 869 3889 άκριύῶς
890 3796 1060 3888 ἀμφότεροι
1084 3797 1193 3886 ἐμιιχέ·

112 3935 211 3978 σαντο
238 3908 288 3975 ἐπὶ
308 3910 397 3976 πολύ·
423 3907 451 3974 οἱ
475 3907 529 3999 μὲν
553 3903 717 3980 Σοντιάτες
738 3909 807 3979 ταῖς
826 3911 909 3993 σφῶν
940 3901 1069 3992 πρόσθεν
1094 3901 1191 3981 νίκαις

110 4017 310 4110 θαρροῦντες,
326 4015 377 4083 καὶ
393 4016 446 4088 την
462 4014 562 4090 πάσης
578 4021 634 4088 τῆς
649 3999 837 4085 Ᾰκυῖτανίας
851 4007 1003 4099 σωτηρίαν
1017 4009 1190 4100 ἐντρυφῶν

110 4126 208 4218 ἀρετῇ
228 4122 344 4189 κεῖσθαι
361 4123 532 4215 ἡγούμενοι·
548 4119 577 4187 οἱ
596 4110 632 4185 δὲ
649 4103 805 4211 Ρωμαῖοι,
819 4113 869 4198 τί,
887 4115 1020 4190 ἐπόντος
1035 4123 1091 4180 τοῦ
1108 4123 1189 4204 σφῶν

167 4259 239 4325 ΙΙΙ.
957 4245 1006 4315 26
