3000 5025
336 459 434 568 510'
629 497 668 564 c.
696 496 842 564 JUL11
869 494 1115 566 cAEsAms
1146 555 1151 566 .

335 623 383 717 δ’,
395 629 420 696 εἰ
435 629 573 721 ἀρέσκει,
592 631 770 720 ἐρωτήσατε
794 629 867 707 τοὺς
885 631 919 696 ἐκ
940 630 1033 721 μέσου
1051 639 1108 696 τοῦ
1128 628 1221 720 φόνου
1240 631 1398 727 ἀναφυγόν-

335 763 403 814 τας·
423 738 483 830 ἐγὼ
506 733 635 830 μὲνγὰρ
656 745 718 801 τῶν
742 761 777 802 τε
796 727 954 825 ἀδελφῶν,
973 734 1025 802 καὶ
1046 746 1108 802 τῶν
1127 732 1230 804 σίλλων
1256 764 1315 829 μου
1332 763 1398 833 σογ-

163 911 166 920 ,
247 895 248 899 ,
334 853 426 938 γενῶν
467 841 591 909 πόντων
623 842 851 933 φονευθέντων,
878 843 938 910 ὑπὸ
975 842 1075 920 λύπης
1108 843 1329 936 ἀποκωλύομαι
1364 844 1399 912 τὰ

335 948 512 1042 πραχθέντα
531 955 599 1042 ὑμῖν
623 951 814 1042 καταλέγειν.
838 933 915 1040 Ᾰμα
938 973 973 1016 τε
992 951 1123 1028 τούτους
1143 954 1333 1046 προήγαγεν,
1354 950 1399 1029 οὓς

333 1057 426 1133 αὐτὸς
452 1055 599 1149 πρόσθεν,
622 1054 655 1122 τί
685 1045 749 1122 δέοι
781 1054 909 1134 ἐκείνους
933 1051 1051 1150 λέγειν,
1072 1047 1285 1147 προεδίδαξεν.
1311 1056 1399 1125 Οὗτοι

332 1164 431 1230 ταυτὸ
448 1170 493 1248 τῷ
508 1156 671 1247 Λιταύίκῳ
685 1168 750 1240 τοῖς
764 1165 954 1254 ςρατιύταις
967 1164 1207 1257 ἀπαγγελλρυσι·
1220 1163 1340 1241 πάντας
1352 1165 1398 1256 μὲν

333 1271 404 1347 τοὺς
423 1277 485 1336 τῶν
505 1255 648 1336 Εδονέων
663 1268 775 1347 ἱππέας
790 1261 989 1360 διαλεχθῆναί
1002 1296 1034 1337 τι
1054 1272 1129 1363 πρὸς
1151 1273 1223 1348 τοὺς
1238 1259 1397 1365 Ᾰρύέρνους

258 1457 260 1460 ¹
333 1375 626 1470 κατηγορηθέντας,
640 1379 699 1442 ὑπὸ
726 1377 788 1442 τῶν
814 1361 964 1468 Ρωμαίων
995 1375 1235 1468 κατακεκόφθαι·
1261 1384 1345 1469 ἡμεῖς
1371 1368 1396 1442 δ’

333 1486 363 1550 ἐν
377 1492 425 1569 τῷ
438 1491 500 1549 τῶν
522 1483 637 1565 ἱππέων
657 1482 740 1573 όχλιρ
756 1477 931 1576 κρυύίντες,
947 1486 981 1554 ἐκ
1000 1485 1092 1574 μέσου
1112 1491 1169 1550 τοῦ
1186 1484 1280 1574 φόνου
1300 1474 1396 1550 διεσύ·

332 1589 436 1680 θημεν.
456 1579 651 1666 Ᾰκούσαντες
667 1589 721 1680 μὲν
736 1586 787 1659 οὖν
807 1599 910 1656 ταῦτα
928 1590 957 1656 οἱ
971 1576 1110 1671 Εδουεῖς,
1125 1591 1192 1682 ἀμα
1209 1590 1324 1669 πάντες
1337 1615 1397 1656 συν·

332 1690 481 1780 εύόησαν,
501 1707 558 1763 τοῦ
576 1690 746 1762 Λιταόίκου
768 1687 924 1787 δεόμενοι,
942 1695 1011 1788 περὶ
1031 1707 1087 1774 τῆς
1104 1704 1188 1787 σφῶν
1215 1691 1397 1763 ύουλεύεσθαι

333 1802 495 1896 σωτηρίας·
513 1804 588 1872 τότε
598 1794 628 1868 δ’
636 1805 757 1879 ἐκεῖνος·
769 1784 876 1895 ίὶσπερ
892 1797 940 1885 ἀν,
952 1804 1025 1894 ἐφη,
1037 1802 1106 1893 περὶ
1118 1805 1240 1870 τούτων
1256 1797 1398 1870 ύουλεύεσ-

333 1908 382 1977 θαι
402 1901 485 1993 δέοι,
509 1909 560 1976 καὶ
590 1911 631 2002 μὴ
663 1909 827 2002 ἀναγκαῖον
851 1907 896 1983 εἴη
925 1908 1103 2002 συμμαχίαν
1127 1914 1168 1986 ὡς
1193 1908 1312 2000 τάχιςα
1332 1912 1397 2001 πρὸς

331 2016 403 2094 τοὺς
429 2005 599 2109 Ᾰρύέρνους
627 2015 824 2088 ποιήσασθαι.
844 1995 876 2080 fl
894 2011 1120 2108 ἀμφισύητεῖτε
1137 2016 1211 2094 τοὺς
1229 2001 1398 2107 Ῥωμαίους,

333 2125 431 2200 οὕτως
449 2115 510 2197 ήδη
533 2126 616 2214 ήμάς
635 2113 869 2204 ἀδικήσαντας,
886 2125 933 2214 ἐφ’
949 2123 1032 2215 ἡμᾶς
1043 2132 1095 2188 νῦν
1110 2123 1312 2213 πορεύεσθαι,
1328 2122 1399 2190 ἀλλὰ

332 2227 407 2322 γὰρ,
426 2225 450 2295 ὦ
470 2221 595 2322 ἀνδρες,
612 2231 689 2318 ἔφη,
711 2225 747 2301 ἢν
766 2228 877 2322 ἀγαθοὶ
895 2225 991 2320 ὦμεν,
1005 2229 1059 2296 τὸν
1078 2227 1211 2296 θάνατον
1228 2237 1291 2296 τῶν
1311 2233 1398 2306 οὕτως

332 2325 446 2414 ἀδίκως
469 2337 529 2403 ὑπὸ
552 2345 614 2402 τῶν
640 2319 791 2425 θωμαίων
817 2334 1034 2404 ἀποθανόντων
1058 2335 1307 2429 τιμωρησόμεθα·
1336 2335 1400 2402 ἐκεί-

332 2467 400 2520 νους
419 2468 454 2508 τε
477 2443 549 2520 τοὺς
576 2439 714 2518 ἀνοσίους
736 2443 788 2509 καὶ
811 2440 1010 2536 ἐπιτρίπτους
1033 2445 1216 2536 φονεύσομεν
1238 2429 1400 2535 Ῥωμαίους.

333 2552 444 2619 Ταῦτα
465 2542 494 2615 δ’
514 2551 579 2641 ἀμα
606 2548 713 2631 εἰπὼν,
743 2547 876 2628 πολίτας
904 2547 989 2626 τινὰς
1009 2534 1187 2641 Ῥωμαίους,
1208 2556 1330 2645 φυλακῇ
1350 2560 1401 2627 τῆς

332 2662 462 2749 ςρατιᾶς
484 2659 602 2734 ταύτης
624 2658 740 2739 ὄντας,
764 2648 894 2739 ἔδειξε,
917 2654 969 2723 καὶ
994 2657 1123 2734 τούτους
1155 2656 1208 2749 μὲν
1240 2656 1345 2724 πάντα
1363 2656 1401 2723 τὰ

331 2768 479 2855 χρήματα
497 2764 636 2855 ἀφελὼν,
655 2761 706 2829 καὶ
728 2762 867 2853 ἐσχάτως
888 2761 1072 2846 βασανίσας,
1090 2764 1276 2837 ἀπέκτεινεν.
1300 2766 1402 2829 Ταῦτα

333 2862 368 2937 δὲ
397 2862 436 2944 δή
456 2869 675 2962 ποιησόμενος,
697 2868 846 2964 ἀγγέλους
868 2869 927 2935 ἀνὰ
949 2874 1052 2935 πᾶσαν
1092 2872 1150 2943 τήν
1179 2876 1243 2937 τῶν
1267 2856 1400 2937 Εδουέων
1478 2893 1479 2916 ³

333 2978 422 3045 πόλιν
446 2968 651 3069 διεπέμψατο·
677 2975 805 3053 ἐκείνους
831 2986 935 3063 τιτῷ
957 2977 1199 3062 αὐτῷτοῢτῶν
1222 2976 1249 3042 θ’
1273 2977 1402 3056 ἱππέων,

333 3084 384 3150 καὶ
403 3092 464 3149 τῶν
484 3094 540 3161 τῆς
559 3082 676 3173 πόλεως
695 3076 750 3149 δύο
766 3083 925 3175 ἀρχόντων
949 3081 1041 3171 φόνου
1063 3081 1179 3174 ε’πάρας
1195 3074 1403 3176 ψεύδει,παρ-
1478 3079 1479 3140 Ῐ

333 3190 434 3257 εκάλει
456 3190 566 3268 αὐτοὺς
581 3199 627 3275 τῷ
641 3195 743 3277 αὐτῷ,
758 3186 783 3276 ᾧ
798 3192 972 3263 ἐπεποιήκει
991 3188 1113 3280 τρόπῳ,
1131 3188 1189 3267 τὰς
1207 3201 1293 3279 σφῶν
1312 3186 1402 3284 ύύρεις
1478 3277 1479 3286 ,

280 3334 281 3339 1
332 3296 538 3391 τιμωρεῖσθαι.

330 3514 489 3603 λαμπρὸς,
508 3509 559 3577 καὶ
578 3516 703 3587 πλεῖς-ον
727 3510 793 3601 ἅμα
813 3512 844 3575 ἐν
862 3517 904 3603 τῇ
925 3513 1022 3575 αὑτοῦ
1036 3494 1166 3595 πατρίδὶ
1182 3498 1361 3601 δυνάμενος.
1377 3492 1401 3573 ί)

387 3405 547 3471 XXXIX.
563 3369 643 3468 (δ’δὲ
659 3393 697 3476 δή
712 3389 847 3481 Εδουεὺς
858 3387 1071 3495 Επορέδορυξ,
1083 3402 1160 3494 ἀνήρ
1172 3426 1207 3468 τε
1221 3399 1257 3474 ἦν
1272 3410 1321 3489 τῷ
1333 3405 1403 3496 γένει

334 3609 368 3685 δὲ
387 3608 607 3710 Βιριδόμαρος,
629 3618 795 3693 ήλικιώτης
818 3641 854 3681 τε
871 3612 907 3687 ἦν
927 3625 985 3681 τοῦ
1004 3600 1255 3708 Επορεδόρυγος,
1273 3615 1327 3683 καὶ
1346 3614 1400 3682 ίσιν
1478 3625 1479 3628 ’

334 3728 363 3790 ἐν
387 3736 427 3799 τή
449 3716 578 3817 πατρίδι
608 3713 786 3816 δυνοίμενος·
810 3726 869 3814 ούχ
895 3724 978 3788 οὕτω
1007 3712 1043 3789 δὲ
1064 3720 1100 3795 ἦν
1130 3724 1264 3816 εὐγενής.
1291 3726 1400 3791 Τοῦτον

335 3833 389 3924 μὲν
410 3829 485 3926 γὰρ,
502 3829 646 3899 ταπεινὸν
670 3842 716 3919 τῷ
745 3832 825 3923 γένει
847 3830 900 3895 καὶ
921 3838 961 3922 τῇ
981 3821 1111 3922 δυνάμει
1128 3829 1228 3913 ὄντα,
1249 3829 1336 3921 παρὰ
1354 3835 1400 3894 τοῦ

333 3933 511 4005 Διύιτιακοῦ
543 3931 731 4031 παραλαύὼν
760 3942 778 4003 ὁ
809 3939 952 4027 Καῖσαρ,
972 3926 1196 4002 δυνατώτατον
1225 3938 1400 4009 ἐπεποιήκει.
1478 3971 1479 3974 ¹

336 4044 434 4113 Οὗτοι
457 4036 491 4111 δέ
514 4048 543 4111 ἐν
568 4052 632 4122 τοῖς
660 4043 785 4111 ἱππεῦσι
808 4052 870 4109 τῶν
884 4028 1034 4108 Ἑδουέων
1062 4044 1137 4134 πρὸς
1166 4044 1221 4109 τὸν
1244 4042 1399 4135 Καίσαρα,
1478 4079 1479 4092 1

334 4152 483 4243 ὀνομαστὶ
497 4153 548 4219 ὑπ’
563 4155 659 4218 αὐτοῦ
672 4148 920 4244 παρακληθέντες
936 4148 1184 4221 συνεληλύθεσαν·
1200 4150 1253 4217 καὶ
1269 4150 1400 4222 αλλήλοις
1478 4143 1479 4178 ³
