3000 5025
331 467 407 550 400
620 466 659 533 C.
687 464 836 533 JULII
863 463 1097 535 CAESARIS

330 596 451 665 ἀπιέναι
466 596 619 681 ἀνέπεισε,
633 599 690 673 τὴν
710 602 822 665 ἑαυτοῦ
839 599 960 690 γνώμην
974 595 1077 683 ἐκείνῳ
1094 598 1279 687 φανερῶσας·
1293 594 1384 676 Οὗτος

330 695 360 769 δ’
380 708 420 781 ὡς
439 702 611 795 αύτόμολός
629 728 677 781 τις
695 706 771 796 πρὸς
790 704 901 780 αὐτοὺς
921 703 1124 795 ἀφικόμενος,
1141 693 1246 781 δεινῶς
1268 704 1319 794 μὲν
1335 726 1384 794 φο-

329 804 446 876 όεῖσθαι
453 809 525 887 τοὺς
536 810 589 876 σὺν
603 804 722 896 Σαύίνῳ
735 794 891 902 Ρωμαίους
899 800 1034 891 ἐδίδαξε,
1045 811 1138 877 αὐτόν
1148 835 1183 877 τε
1193 810 1248 876 τὸν
1258 808 1389 901 Καίσαρα

328 914 457 1008 ἰσχυρῶς
481 918 541 983 ὑπὸ
566 926 628 982 τῶν
652 917 809 983 Οθενετῶν
836 915 1092 1008 ςενοχωρεῒσθαι,
1116 917 1187 983 οὔτε
1217 921 1318 983 πλεῖον
1341 917 1388 983 τθι

328 1015 456 1087 Σαύῖνον
476 1015 721 1105 ἀναόλόσεσθαι,
745 1031 801 1089 τοῦ
821 1025 863 1113 μὴ
890 1024 920 1087 ἐν
947 1026 1048 1116 ταύτῃ
1074 1032 1115 1117 τῇ
1138 1022 1226 1090 νυκτὶ
1248 1021 1343 1115 λάθρα
1359 1024 1389 1087 ἐκ

328 1137 385 1195 τοῦ
405 1119 602 1221 ςρατοπέδοο
622 1131 679 1201 τὴν
692 1126 824 1221 ςρατιθιν
844 1121 1056 1222 ἐξαγαγόντα,
1069 1128 1121 1195 ἐπὶ
1136 1131 1194 1203 τὴν
1208 1138 1266 1196 τοῦ
1279 1126 1388 1193 Καίσα·

328 1259 378 1326 ρος
392 1222 532 1308 όοόθειαν
553 1233 741 1327 πορεύεσθαι·
756 1244 859 1302 ταῦτα
875 1237 972 1302 αὐτοῦ
986 1233 1140 1317 εἰπόντος,
1150 1240 1167 1301 ὁ
1178 1239 1287 1326 ὅμιλος-
1298 1237 1387 1300 αὐτῶν

327 1342 450 1432 σύμπας
465 1334 648 1422 ἀνεόόησεν,
667 1348 707 1419 ὡς
724 1342 779 1407 τὸν
797 1351 854 1408 τοῦ
872 1341 910 1408 τὸ
926 1347 1055 1435 πράγμα
1073 1346 1175 1416 καλῶς
1194 1332 1387 1434 κατεργάζεσ·

328 1445 378 1512 θαι
393 1446 495 1533 καιρὸν
514 1450 549 1513 οὐ
564 1438 628 1513 δέοι
643 1446 806 1538 προέσθαι,
821 1448 889 1515 ἀλλ’
904 1454 944 1523 ὡς
958 1447 1097 1538 τάχιστα
1110 1448 1186 1538 πρὸς
1200 1448 1239 1514 τὸ
1254 1454 1314 1513 τῶν
1327 1430 1387 1513 Ρω-

317 1551 424 1643 Ιμαίων
443 1544 639 1645 ςρατόπεδον
662 1558 769 1647 θρμᾷν.
788 1550 899 1621 Πολλὰ
918 1545 952 1619 δὲ
966 1554 1039 1629 τοὺς
1058 1554 1083 1617 Γ
1084 1553 1194 1630 αλλους
1209 1554 1285 1647 πρὸς
1304 1561 1386 1619 τοῦτο

326 1660 515 1752 παρῶτρννε·
531 1666 653 1751 πρῶτον
674 1660 727 1751 μὲν
741 1666 761 1733 ἡ
775 1663 805 1725 ἐν
827 1666 894 1737 ταῖς
909 1658 1037 1750 πρόσθεν
1053 1660 1178 1750 ἡμέραις
1198 1670 1255 1727 τοῦ
1269 1653 1386 1725 Σαόίνον

327 1765 481 1856 μέλλησις·
497 1767 606 1831 ἔπειτα
624 1757 655 1829 δ’
674 1772 693 1839 ἡ
715 1775 772 1832 τοῦ
790 1755 969 1857 αὐτομολοιι
988 1758 1160 1849 βιόαίωοις·
1181 1768 1345 1856 μετέπειτα
1357 1755 1387 1828 δὲ

326 1870 378 1937 καὶ
392 1876 410 1952 ἡ
424 1878 486 1937 τῶν
499 1862 681 1944 ἐπιτηδείων
697 1866 838 1962 (ἀμελῶς
852 1870 910 1965 γὰρ
930 1874 1031 1937 αὐτῶν
1047 1864 1298 1963 ἐπεμελήθησαν)
1311 1871 1387 1962 ἰσχο-

329 1973 378 2070 ρά·
393 1976 535 2057 σπάνιςῆ
551 1975 590 2060 θ’,
602 1976 638 2049 ἢν
659 1980 688 2043 ίν
710 1986 758 2063 τῷ
775 1979 948 2063 Οὐενετικῷ
963 1979 1091 2069 πολέμῳ
1111 1978 1288 2060 ἐποιοῦντο,
1302 1976 1388 2055 ἐλπίς·

326 2081 378 2151 καὶ
389 2086 439 2151 ότι
449 2090 583 2175 φιλοῦσιν
596 2082 624 2149 οἱ
634 2078 832 2177 ἀνθρωποε,ἀ
845 2083 1041 2176 ἐπιθυμοῦσι,
1051 2085 1143 2151 ταῦτ’
1155 2084 1241 2161 εὐθὺς
1253 2086 1388 2162 πιςεύειν.

328 2192 458 2267 Τούτοις
471 2190 532 2280 ,μὲν
553 2186 603 2256 οὖν
627 2179 1021 2280 ἀναπεισθέντεςᾼὸνμθν
1041 2181 1239 2282 Βιριδόόικα,
1253 2189 1306 2257 καὶ
1326 2192 1390 2267 τοὺς

324 2296 451 2373 λοιποὺς
465 2304 548 2385 σφῶν
561 2297 735 2390 ςρατηγοὺς
750 2299 785 2361 οὐ
796 2297 946 2388 πρότερον
959 2296 1021 2363 ἀπὸ
1035 2307 1091 2375 τῆς
1104 2296 1266 2375 ἐκκλησίας
1280 2298 1391 2387 ἀφιᾶσι,

326 2400 396 2493 πρὶν
420 2400 438 2468 θ
463 2404 565 2479 αὐτοῖς
588 2405 818 2495 συνεχώρησαν,
838 2396 993 2479 λαθόντας
1022 2399 1064 2469 τθι
1086 2405 1185 2485 όπλα,
1208 2400 1259 2471 ἐπὶ
1276 2404 1316 2469 τὸ
1335 2409 1390 2468 τῶν

326 2492 481 2601 Ῥωμαίων,
499 2506 672 2602 χαράκωμα
701 2515 808 2603 όρμᾷν.
837 2510 958 2576 Τούτου
986 2499 1021 2576 δὲ
1049 2508 1196 2601 τυχόντες
1213 2510 1244 2577 οἱ
1262 2507 1390 2590 Γάλλοι,

327 2607 450 2708 φαιδροὶ
463 2659 474 2700 ,
485 2621 525 2694 ὡς
543 2611 594 2684 καὶ
612 2607 673 2689 ἤδη
693 2616 824 2707 πάμπαν
840 2620 1032 2697 νικήσαντες,
1047 2607 1243 2709 κληματίδας
1257 2615 1310 2682 καὶ
1322 2617 1390 2708 φρύ·

327 2719 518 2814 γαναπολλά
529 2728 605 2815 ὁμοῦ
616 2714 675 2804 δὴ,
689 2730 728 2800 ῶς
741 2723 863 2800 τούτοις
877 2719 934 2799 τὰς
948 2729 1010 2787 τῶν
1021 2706 1169 2814 Ῥωμαίων
1183 2725 1389 2816 πληρώσοντες

326 2825 476 2919 τάφροος,
489 2822 704 2911 συνελέίαντο,
717 2829 769 2897 καὶ
781 2838 859 2921 πρὸς
869 2830 906 2896 τὸ
920 2835 982 2896 τῶν
996 2813 1144 2921 Ῥωμαίων
1159 2821 1267 2921 δρόμῳ
1279 2829 1387 2902 ἤλασαν

325 2926 530 3025 ςρατόπεδον.

380 3025 521 3108 ΧΙΧ.0
541 3032 576 3108 δὲ
591 3044 703 3109 τούτου
723 3027 818 3120 τόπος
840 3038 956 3130 ὑψηλὸς
980 3041 1034 3133 μὲν
1059 3038 1115 3126 ἦν,
1130 3038 1214 3109 κατὰ
1235 3041 1337 3134 μικρὸν
1355 3028 1380 3102 δ’

327 3148 458 3239 πρανὴς,
472 3147 551 3238 ἀμφὶ
569 3145 611 3214 τὰ
631 3151 714 3215 ὀκτὼ
734 3139 842 3225 ςάδια.
861 3134 1006 3214 Ενταῢθα
1026 3149 1081 3240 μὲν
1101 3140 1245 3240 δρομαῖον
1262 3148 1383 3228 θέοντες,

326 3256 387 3329 ὥςε
407 3259 471 3332 τοῖς
492 3238 642 3347 Ῥωμαίοις
662 3254 702 3332 είς
724 3253 781 3322 τὴν
799 3254 997 3321 καθοπλισίαν
1016 3257 1134 3348 σχολὴν
1153 3245 1265 3345 σχεδὸν
1279 3255 1319 3346 μὴ
1338 3275 1382 3346 γε·

324 3357 447 3443 νέσθαι,
466 3359 647 3438 ἀπειπόντες
665 3363 878 3454 παρεγένοντο.
893 3345 923 3426 O
938 3350 973 3426 δὲ
988 3348 1114 3438 Σαόῖνος
1132 3361 1205 3437 τοὺς
1218 3361 1382 3453 ςρατιότας

325 3463 375 3532 ἐπὶ
397 3467 454 3538 τὴν
478 3457 605 3533 σύνοδον
628 3469 837 3559 παροτρόνας,
855 3471 948 3535 πᾶσιν
974 3464 1078 3544 αὐτοῖς
1102 3467 1245 3554 ἀσμένοις
1271 3470 1381 3554 σημεῖον

326 3569 378 3665 ἦρε
399 3581 455 3649 τῆς
466 3572 585 3664 μάχης,
599 3572 650 3640 καὶ
669 3572 719 3642 ἐπὶ
733 3573 806 3650 τοὺς
823 3571 1002 3665 πολεμίους,
1019 3563 1062 3639 δι’
1077 3568 1098 3638 ἀ
1112 3575 1215 3664 ἔφερον
1236 3569 1382 3666 φρογάνων

326 3674 454 3769 φορτία,
473 3670 529 3744 δύο
553 3681 662 3756 πύλαις
686 3671 833 3756 ἐπεξιέναι
853 3681 1077 3773 παρηγγύησεν.
1105 3664 1251 3748 Ενταῦθα
1278 3669 1311 3744 δὲ
1336 3666 1382 3740 διά

327 3808 361 3848 τε
383 3783 563 3876 τοῦχωρίου
582 3788 638 3859 την
658 3785 752 3870 θέσιν,
767 3785 818 3852 καὶ
837 3793 898 3852 τῶν
916 3785 972 3876 μὲν
986 3783 1138 3876 πολεμίων
1157 3788 1215 3857 τθν
1231 3778 1379 3852 ε’πιόονλθν

325 3891 443 3963 ταύτην
459 3891 669 3985 ἀγνοούντων,
684 3891 736 3960 καὶ
748 3884 810 3966 ἤδη
829 3891 1040 3973 ἀπειπόντων,
1054 3900 1115 3958 τῶν
1132 3882 1167 3956 δὲ
1181 3876 1325 3982 Ρωμαίων
1341 3886 1378 3951 ἔτ’

327 3995 472 4087 ἀκεραίων
492 3999 606 4082 ὄντων,
625 3997 676 4065 καὶ
699 4001 729 4064 ἐν
757 4003 823 4077 ταῖς
846 3997 974 4091 πρόσθεν
1003 3997 1116 4090 μάχαις
1143 3994 1175 4063 εὖ
1201 3997 1378 4088 ἠσκημένων,

324 4096 433 4175 συνέόη
459 4104 531 4181 τοὺς
555 4103 717 4203 πολεμίους
742 4095 815 4172 οὐδὲ
842 4103 914 4197 μίαν
929 4095 1107 4180 ,δυνηθῆναι
1131 4108 1232 4172 αὐτῶν
1260 4095 1377 4194 ἐμύολθθ
