3000 5025
248 506 555 579 INTERPRES
583 505 817 577 GRAECUS.
847 506 944 577 LIB.
972 507 1047 575 111.
1108 505 1186 593 7405

170 642 311 711 XXVII.
339 642 464 715 Ταύτην
488 641 674 718 ἀκούσαντες
699 640 757 712 τὴν
785 636 889 731 μάχην
917 639 946 707 οἱ
972 646 1095 720 πλεῒςοι
1123 653 1186 712 τῶν

124 738 312 833 ἐκιέτανῶν,
333 756 380 836 τῷ
397 748 533 841 Κράσσῳ
551 750 811 841 προσεχώρησαν,
829 745 881 815 καὶ
904 750 1036 839 ὁμήρους
1055 752 1187 827 ἀκούσιοι

122 846 1188 953 παρέδωκανένοέςέγένουτοοίτιΤαρύέλλσι,καὶοίΒιγιῤῥίονες,καὶ

122 962 146 1029 οἱ
162 965 328 1056 Πρηκιανοὶ
341 958 393 1033 καὶ
407 963 435 1031 οἱ
449 966 614 1045 Βοκατιῖς,
628 960 680 1032 καὶ
694 961 722 1029 οἱ
735 964 961 1053 Ταρουσατιῖς,
980 958 1032 1030 καὶ
1044 960 1074 1032 ιθ
1088 963 1188 1035 Φλου-

122 1076 236 1153 ςαπιῖς,
250 1069 341 1141 καὶεί
359 1072 507 1163 Γαρῖται,
521 1066 574 1137 καὶ
593 1068 622 1138 οί
636 1056 772 1151 Mam,
787 1067 839 1137 καὶ
853 1068 883 1139 οἱ
900 1069 1093 1162 Γαρούμνοι,
1107 1070 1138 1139 οἵ
1152 1094 1187 1139 τι

119 1170 324 1259 Σιύσυοατεῖς,
335 1176 388 1247 καὶ
404 1177 432 1243 οἱ
445 1177 647 1253 Κοαοσατιῖς.
663 1160 777 1268 Ολίγαι
792 1200 827 1246 τι
848 1175 885 1245 τὸ
903 1178 965 1245 πᾶν
980 1175 1084 1253 πύλαις
1097 1177 1188 1268 ἴσχει·

13 1282 14 1293 ’
120 1306 183 1365 ται,
196 1291 243 1368 τῷ
258 1294 385 1375 χειμῶνι
403 1276 802 1375 πλησιάζοντιθαρροῢσαι,
817 1284 931 1377 ταύρου
946 1281 1115 1373 ἡμελησαν.

165 1391 330 1457 XXVIII.
345 1385 440 1456 Κατὰ
453 1380 488 1455 δὲ
502 1390 556 1456 τὸν
571 1390 666 1455 αὐτὸν
679 1379 790 1480 σχεδὸν
803 1388 924 1482 χρόνον,
936 1386 1045 1481 καίπερ
1059 1379 1121 1463 ήδη
1139 1414 1188 1455 τε·

117 1500 282 1574 λευτῶντος
304 1506 360 1564 τοῦ
378 1494 499 1589 θέρους,
515 1499 597 1588 ὅμως
617 1495 718 1575 πάσης
737 1505 794 1573 τῆς
817 1492 913 1572 άλλης
935 1493 1092 1572 Γαλατίας
1115 1500 1186 1589 ἡρε-

13 1684 14 1691 ρ
117 1604 245 1692 μούσης,
259 1609 331 1681 τοὺς
345 1601 496 1695 Μορίνους
515 1603 623 1695 μύνους
642 1604 807 1669 οὐπώποτε
821 1594 961 1695 πρέσύεις
984 1600 1053 1693 περὶ
1068 1600 1185 1694 εἰρήνης
1266 1632 1269 1647 ·

89 1778 92 1785 ,
115 1710 182 1801 παρ’
204 1710 313 1776 ἑαυτὸν
342 1705 481 1801 πέμψαι,
503 1709 572 1776 ἀλλ’
595 1709 640 1775 ἔτ’
659 1710 689 1774 ἐν
713 1712 819 1785 ὅπλοις
844 1706 1051 1802 περιγενέσθαι
1072 1713 1185 1800 ὀρῶνό

114 1815 252 1908 Καῖσαρ,
267 1814 319 1882 καὶ
335 1825 446 1883 τοῦτον
465 1814 520 1883 τὸν
542 1814 676 1907 πόλεμον
697 1806 811 1907 ῥᾳδίως
832 1812 1073 1907 κατεργάσεσθαι
1090 1816 1186 1909 ἡγού-

115 1946 216 2012 μενος,
230 1922 271 1999 εἰς
285 1924 342 1996 τὴν
357 1926 459 1989 αὐτῶν
480 1923 582 2014 χώραν
597 1914 747 1988 ἐνέύαλεν.
763 1918 862 1987 Οὗτοι
880 1912 915 1986 δέ
929 1919 1106 1987 τούναντίον
1121 1928 1186 1999 τοῖς

111 2032 227 2135 λοιποῖς
254 2027 384 2107 Γάλλοις
407 2034 550 2120 πολεμεῖν
575 2020 783 2102 διενοήθησαν·
809 2027 1010 2122 μεγαλαμὲν
1033 2024 1091 2121 γὰρ
1116 2025 1185 2101 ἐθνη

113 2141 171 2211 τοῖς
189 2134 343 2227 Ρωμαίοις
364 2128 566 2227 συμύαλύντα
588 2134 761 2209 ἡττηθῆναι
783 2139 934 2227 ὁρῶντες,
956 2131 1008 2200 καὶ
1026 2142 1083 2209 τῆς
1101 2140 1184 2223 σφῶν

19 2240 20 2249 ’
112 2243 209 2333 χώρας
232 2243 363 2334 ἐχόμενα
387 2233 490 2334 δρυμὰ
509 2240 561 2308 καὶ
581 2244 633 2315 ἕλη
661 2242 803 2332 ἔχοντες,
822 2238 954 2307 ἐνταῦθα
970 2239 1185 2331 ἀνεχώρησαν,

111 2345 158 2413 καὶ
174 2347 284 2415 πάντα
296 2345 337 2415 τὰ
351 2355 433 2439 σφῶν
448 2348 710 2441 συνεισερύρησαν.
725 2348 809 2439 Πρὸς
830 2338 936 2420 δὲτὴν
952 2346 1071 2413 τούτων
1087 2346 1185 2438 ἀρχὴν

110 2457 353 2550 παραγενομένου
368 2463 424 2522 τοῦ
444 2453 617 2547 Καίσαρος,
632 2453 684 2521 καὶ
702 2444 897 2548 ςρατύπεδον
921 2452 1053 2520 ἐνταῦθα
1067 2455 1184 2545 κρατύ-

109 2585 164 2626 νειν
180 2555 367 2654 ἀρξαμένου,
382 2561 410 2628 οἱ
424 2563 478 2654 μὲν
493 2562 634 2652 πολέμιοι
647 2563 676 2626 ἐν
696 2562 800 2646 τούτῳ
813 2563 872 2626 ὑπὸ
887 2569 949 2626 τῶν
962 2544 1113 2650 Ῥωμαίων
1128 2562 1184 2626 οὐκ

110 2668 269 2760 ὀφθέντες,
283 2668 419 2736 πάντοσε
440 2677 495 2746 τῆς
519 2670 592 2744 ὕλης
615 2664 701 2756 ἀρνω
723 2656 955 2758 διεσπαρμένοις
969 2667 1073 2760 αὐτοῖςΙ
1091 2667 1185 2731 ἐπιτι-

25 2807 28 2818 ·
110 2773 219 2842 θέασιν·
241 2775 269 2841 οἱ
284 2766 318 2841 δὲ
333 2759 485 2867 Ρωμαῖοι,
499 2783 603 2839 ταῦτα
620 2764 756 2854 ἰδόντες,
771 2771 821 2837 ἐπί
832 2797 868 2837 τε
885 2768 928 2836 τά
946 2776 1028 2838 θπλα
1043 2771 1182 2863 ἔτρεχον,

109 2881 158 2947 καὶ
178 2881 281 2973 μάχην
301 2885 405 2959 αὐτοῖς
418 2877 628 2970 συνάψαντες,
647 2877 687 2957 εἰς
705 2880 763 2952 τὴν
775 2880 848 2950 ύλην
860 2869 1039 2968 ἐσήρῤαξαν·
1054 2877 1182 2967 συχνοὺς

109 2979 136 3053 δ’
160 2991 264 3054 αὐτῶν
295 2986 549 3069 ἀποκτείναντες,
569 2983 620 3051 καὶ
645 2984 831 3077 προσωτέρω
850 2981 869 3057 ἢ
889 2973 952 3050 ἔδει
974 2982 1183 3058 ἐπακολουθὴ-
1246 3067 1248 3071 ¹

108 3119 234 3178 σαντες,
246 3093 340 3171 ἐνίους
359 3101 442 3184 σρῶν
456 3086 623 3161 ἀπέύαλον.

159 3203 292 3269 XXIX.
306 3204 383 3278 Ταῖς
398 3200 452 3292 μὲν
467 3200 620 3275 ἐπιούσαις
637 3196 763 3288 ἡμέραις
778 3200 794 3261 ὁ
808 3197 930 3288 Καῖσαρ
947 3197 1003 3267 τὴν
1018 3198 1092 3268 ὕλην
1108 3195 1183 3263 κύπ·

109 3335 170 3376 τειν
187 3299 326 3382 διενοήθη
343 3304 394 3374 καὶ
407 3307 458 3372 ἵνα
471 3291 512 3398 μὴ
528 3304 672 3380 ἀνόπλοις
686 3308 750 3380 τοῖς
765 3306 896 3385 ἑαυτοῦ,
910 3300 962 3369 καὶ
980 3294 1012 3379 ἐξ
1025 3293 1184 3394 ἀπροσδο-

108 3418 205 3491 κήτου
232 3406 375 3482 δύναιντο
399 3413 427 3478 οἱ
454 3413 595 3502 πολέμιοι
626 3412 661 3476 ἐκ
689 3408 820 3503 πλαγίου
849 3407 1058 3491 ἐπιτίθεσθαι,
1079 3411 1182 3474 πᾶσαν

109 3525 165 3597 τὴν
181 3521 374 3613 κοπτομένην
390 3523 463 3592 ὕλην
478 3521 553 3611 πρὸς
567 3516 640 3594 τοὺς
656 3514 818 3609 πολεμίους
833 3517 958 3608 ἔτρεπε,
972 3513 1024 3582 καὶ
1037 3514 1184 3606 ἑκατέρω·

109 3629 155 3696 θεν
184 3638 247 3696 τῶν
273 3625 411 3723 πλαγίων
435 3625 502 3692 ἀντ’
521 3625 671 3716 ἐρύματος
695 3625 831 3716 έσώρευε.
856 3606 985 3715 Ολίγαις
1006 3612 1037 3686 δ’
1056 3622 1182 3713 ἡμέραις

108 3734 238 3813 πλείςης
256 3738 424 3826 ταχύτατα
439 3730 627 3822 κεκομμένης
641 3731 732 3811 ύλης,
746 3727 799 3796 καὶ
812 3735 874 3795 τῶν
889 3729 942 3820 μὲν
958 3721 1182 3820 ύοσκημάτων,

108 3850 170 3908 τῶν
194 3843 225 3908 τ’
239 3842 378 3932 ἐσχάτων
400 3837 588 3930 σκευοφόρων
612 3845 673 3903 τῶν
693 3833 851 3928 πολεμίων
870 3836 930 3902 ὑπὸ
948 3844 1011 3900 τῶν
1031 3819 1181 3926 Ῥωμαίων

106 3940 167 4022 ἤδη
191 3949 357 4040 ἐχομένων,
373 3954 434 4014 τῶν
453 3936 488 4010 δὲ
506 3941 660 4035 πολεμίων
680 3943 710 4007 ἐν
730 3951 770 4036 τῇ
792 3933 948 4033 δασυτέρρι
965 3942 1022 4033 ὕλῃ
1044 3964 1182 4033 κρυπτο-

110 4055 223 4147 μένων,
237 4057 336 4132 ούτως
349 4047 474 4133 ἐξαίσιοι
491 4051 630 4145 ἐγένοντο
644 4042 772 4141 ὅμύροι,
785 4049 841 4127 ὦς’
856 4044 1029 4143 ἀναγκαίως
1043 4047 1081 4114 τὸ
1095 4047 1180 4139 ἔργον

937 4137 1004 4223 26³
