3000 5025
260 543 262 547 v
330 457 403 525 DE
430 456 558 527 VITA
588 457 735 525 JULII
764 454 1003 525 CAESARIS.
1129 454 1204 543 245

23 616 24 621 ¹
128 584 272 678 amplius
289 611 358 655 non
372 602 464 655 erat:
480 588 527 655 ibi
546 612 644 675 vern,
666 588 829 657 concione
847 587 1026 677 advocata,
1041 588 1204 661 beneficia

126 714 187 757 sua
211 694 248 759 in·
267 716 340 761 earn
359 695 479 762 urbem
502 696 797 781 commemoravit,
816 708 850 763 et
878 695 1014 788 antiqua
1032 710 1067 764 et
1086 721 1201 766 nova:

124 795 159 862 in
182 796 249 867 fine
271 824 328 868 eos
350 802 489 894 arguit,
503 814 662 894 tanquam
686 799 774 869 mala
796 826 859 895 pro
880 801 983 869 bonis'
1004 804 1103 871 omni·
1116 818 1200 872 tem·

23 904 24 909 ’
122 926 207 995 pore
223 905 463 993 reddidissent,
478 909 512 974 in
532 930 615 1002 pace
634 906 804 994 seditiosi,
821 908 857 974 in
879 905 967 975 bello
981 922 1093 977 autem
1112 911 1201 1003 igna-

123 1010 174 1095 vi,
189 1012 280 1103 qnod
303 1014 426 1082 Cneius
449 1016 625 1109 Pompeius
642 1011 851 1100 adolescens,
865 1038 982 1083 eorum
1004 1013 1094 1083 fotus
1107 1019 1199 1084 auxi·
1292 1016 1296 1021 ’

120 1112 183 1202 lio,
200 1141 298 1213 agros
316 1135 350 1188 et
363 1121 472 1189 vicina
487 1134 663 1208 vastasset,
680 1134 714 1189 et
727 1121 819 1190 eaesis
838 1121 984 1206 civibus,
998 1118 1066 1190 illie
1080 1135 1199 1191 contra

120 1243 154 1290 se
176 1222 283 1293 fasces
292 1240 332 1294 'et
346 1228 522 1320 imperium
545 1229 759 1321 suscepisset,
777 1228 880 1295 imino
901 1252 982 1296 vero
1000 1241 1118 1295 contra
1137 1253 1198 1322 po·

119 1327 236 1422 pulum
261 1348 460 1420 romanum,
483 1334 577 1426 cujus
595 1336 666 1427 ipse
681 1358 823 1427 regnum
842 1347 978 1402 teneret.
1000 1332 1094 1421 Quid
1107 1336 1197 1403 enim

120 1436 315 1525 crederent,
330 1452 384 1507 'ne
411 1439 548 1508 forsitan
574 1438 786 1534 Hispalenses
808 1442 979 1509 Romanos
1007 1442 1197 1528 vincerent,

119 1543 207 1634 quod
226 1563 348 1614 eorum¹
366 1548 576 1640 provinciam
595 1544 746 1641 populati
765 1544 891 1633 essent3
904 1571 948 1613 an
963 1547 1110 1615 extincto
1129 1548 1197 1615 Cae·
1221 1569 1225 1578 ’

119 1671 205 1736 sare,
218 1653 278 1745 qui
292 1651 443 1721 mortalis
462 1668 548 1722 esset
560 1704 570 1734 ,
584 1677 653 1721 non
665 1649 830 1721 sentirent
843 1676 1019 1721 romanum
1033 1650 1196 1747 populum

96 1742 98 1747 ¹
119 1754 368 1837 immortalem?
385 1773 419 1828 et
440 1761 476 1850 in
497 1784 642 1853 praesens
663 1762 697 1827 X
718 1759 843 1827 habero
865 1758 1012 1853 legiones
1030 1783 1105 1852 qua
1126 1784 1195 1827 non

118 1873 249 1932 tantum
265 1864 519 1960 Hispalensibus
532 1869 706 1952 resistere,
724 1865 783 1933 sed
797 1863 920 1933 coelum
938 1866 1047 1959 ipsum
1061 1864 1195 1935 diruere

118 1969 183 2038 sint
199 1984 356 2064 potentes
370 1988 456 2066 :quo
471 1974 507 2040 in
520 1973 625 2041 verbo
646 1996 715 2040 non
734 1971 842 2041 solum
859 1970 916 2040 illa
931 1973 1019 2040 inest
1031 1969 1193 2059 altitudo,

23 2066 24 2069 ¹
116 2068 188 2167 quae
211 2079 369 2147 omnibus
388 2074 496 2174 patet,
519 2078 577 2147 sed
598 2078 654 2147 illa
672 2080 774 2147 etiam
795 2078 975 2165 occultior,
990 2103 1064 2172 quae
1085 2079 1120 2145 in
1136 2103 1193 2147 re·

117 2176 292 2254 censendis
309 2186 440 2255 viribus
458 2187 622 2272 romanis,
639 2209 708 2254 non
730 2210 862 2272 ornnes,
881 2184 939 2254 sed
963 2208 1039 2253 suas
1061 2198 1192 2277 tanturn

115 2285 307 2359 dinumerat
328 2290 493 2385 legiones,
515 2294 608 2386 quasi
638 2290 783 2386 reliquas
800 2285 924 2361 nullius
943 2292 1067 2383 pretii,
1088 2304 1124 2358 et
1150 2315 1193 2359 ne

23 2420 25 2491 ᾗ
115 2398 279 2465 memoria
297 2398 431 2495 quidem
448 2398 571 2493 dignas
592 2412 733 2467 censeat.
753 2398 863 2466 Multa
879 2396 980 2488 hujus
998 2397 1143 2465 historiae
1156 2400 1194 2464 in

23 2557 25 2584 ,
114 2497 209 2590 loco,
231 2506 431 2600 scriptorum
455 2507 537 2574 vitio
559 2503 714 2591 confina,
733 2519 915 2598 praetereo,
933 2501 976 2569 ad
997 2500 1100 2570 linem
1118 2529 1193 2597 pro·

113 2605 255 2701 perans:
271 2612 327 2681 hic
345 2637 426 2706 ergo
438 2610 602 2680 bellorum
620 2609 770 2679 civilium
787 2611 824 2677 in
837 2609 998 2702 Hispania
1015 2607 1093 2677 finis
1107 2624 1187 2679 esto.

162 2719 228 2786 His
257 2731 308 2787 tot
336 2717 428 2786 bellis
458 2719 598 2800 exactis,
617 2731 669 2785 tot
697 2714 866 2785 laboribus
892 2712 1085 2801 exantlatis,
1105 2739 1190 2807 quos

113 2845 180 2890 non
201 2823 303 2892 modo
322 2827 416 2919 patir
433 2823 491 2894 sed
512 2824 675 2905 scribere,
695 2821 753 2890 sed
771 2820 900 2916 legere,
919 2818 977 2889 sed
994 2817 1110 2886 audire
1127 2819 1190 2888 dif-

112 2925 200 2998 ficile
219 2945 286 3018 est,
304 2933 413 3000 vietor
432 2932 545 3016 Caesar
560 2931 704 2998 Romam
719 2928 845 3014 ¹·rediit;
863 2926 961 3014 felix,
975 2949 1052 2994 meo
1062 2925 1189 3020 judicio

112 3035 265 3128 pridem,
283 3039 336 3105 vir
353 3035 507 3107 felicitate
525 3035 662 3124 bellica,
675 3027 690 3123 (
703 3034 887 3105 secundum
907 3030 1029 3128 stylum
1047 3027 1190 3127 loquor)

113 3141 136 3208 si
168 3144 287 3237 patriae
316 3143 429 3214 hostes
444 3157 609 3230 tantum,
633 3167 702 3210 non
730 3157 764 3212 et
793 3141 936 3235 patriam
969 3135 1119 3208 vicisset!
1138 3143 1189 3209 Ea

112 3263 200 3319 certe
212 3249 277 3318 fuit
290 3250 506 3338 verecundia,
520 3271 624 3343 eaque
642 3251 773 3317 romani
786 3248 889 3317 moris
905 3246 1131 3333 observantia,
1148 3260 1187 3315 ut

112 3365 242 3424 tanum]
273 3356 315 3426 de
344 3357 495 3429 hostibus
527 3355 770 3449 triumpharet,
794 3369 828 3422 et
856 3351 1130 3439 interfectorum,
1152 3377 1189 3421 se
1288 3422 1291 3426 Α

112 3458 211 3550 duce,
224 3477 354 3532 tanturn
363 3464 509 3533 hostium
523 3486 700 3530 numerum
716 3461 834 3548 scribi,
848 3459 1081 3550 memoriaeque
1091 3481 1187 3525 man-

111 3565 181 3636 dari
203 3559 398 3664 pateretur:
420 3563 598 3654 numerum
618 3567 700 3640 vero
722 3569 846 3637 civium
873 3567 1061 3635 occisorum
1086 3564 1186 3634 scribi
1227 3555 1231 3562 ¹

111 3676 234 3763 vetuit,
248 3701 291 3745 ne
305 3669 502 3746 domesticas
520 3674 630 3772 clades
647 3689 748 3768 atque
764 3675 912 3742 miserias
929 3671 1045 3766 patriae
1065 3694 1200 3764 expro·.-

111 3778 239 3850 braret:
254 3785 407 3876 quamvis
422 3785 505 3852 et'in
522 3805 662 3851 numero
678 3805 838 3849 caesorum
853 3779 1018 3863 hostiurn,
1036 3778 1098 3846 etsi
1116 3801 1185 3846 non

111 3886 286 3977 Romanis,
307 3904 341 3957 et
370 3890 519 3959 humano
547 3889 660 3984 generi
690 3887 901 3981 exprobratio
922 3886 1040 3978 ingens
1067 3882 1184 3972 fieret3

110 3993 284 4086 siquidem,
304 3996 375 4089 ejus
392 3990 516 4083 ductu,
534 4009 573 4064 ut
591 3995 634 4063 ab
651 3992 835 4062 illustribus
852 3990 1013 4059 traditum
1034 4003 1087 4059 est
1104 4014 1183 4060 auc·

110 4101 251 4196 taribus,
264 4095 422 4176 unde'cies
434 4117 575 4177 centena
592 4115 627 4174 et
639 4101 822 4198 nonaginta
834 4097 904 4171 duo
919 4094 1022 4168 millia
1028 4095 1182 4174 'hostium

314 4215 318 4222 ’
435 4219 438 4224 ’
907 4249 909 4252 ’
949 4214 1019 4303 16³
