3000 5025
325 436 402 528 tm
537 448 565 519 J.
594 442 754 519 censi
782 442 1179 517 connunrnnu

323 594 404 660 sima
427 595 566 683 quaeque
584 582 727 670 militie,
745 596 780 650 et
793 580 913 649 milites
930 582 1030 649 etiam
1048 596 1240 669 veteranos,
1256 597 1290 651 et
1306 583 1406 655 rebus

322 696 474 767 maximis
503 691 766 787 comprobatos,
788 711 858 757 non
879 690 974 782 quasi
1000 690 1205 783 imperator,
1226 689 1287 757 sed
1310 693 1406 784 quasi

322 802 481 900 magister
502 799 572 869 ludi
592 820 788 883 armorum,
806 814 951 890 quonam
972 799 1133 892 magister
1152 820 1231 865 vere
1253 800 1405 866 omnium

322 922 473 981 summus
493 908 565 976 iiiit.
592 904 797 975 sollicitabat
816 904 906 972 enim
926 904 999 997 ejus
1022 904 1171 974 animuin
1185 895 1335 973 ¹sitorum
1357 920 1406 973 at·

321 1041 387 1114 que
417 1017 564 1086 hostium
597 1013 766 1095 conditio,
797 1010 961 1079 timebant
988 1013 1078 1079 enim
1101 1012 1230 1105 equites
1256 1036 1406 1107 pugnam

323 1140 463 1222 propter
486 1145 650 1216 equorum
669 1120 857 1212 jacturam,
879 1143 963 1212 qrros
986 1118 1101 1188 hostes
1124 1120 1252 1214 sagittis
1273 1120 1407 1191 oecide-

323 1234 424 1320 bant3
437 1246 471 1299 et
490 1229 634 1325 pedites,
649 1250 743 1295 more
759 1247 901 1295 romano
919 1228 1061 1313 armati,
1074 1241 1109 1295 et
1128 1248 1302 1308 armumm
1318 1226 1407 1296 mole

323 1339 540 1435 praegravati,
562 1335 643 1404 levis
661 1348 842 1402 armaturae
856 1330 1003 1402 hostium
1024 1327 1202 1403 velocitate
1217 1333 1406 1429 fatigaban-

322 1460 407 1516 tur:
434 1444 640 1513 timebantur
668 1443 771 1509 etiam
799 1439 993 1535 elephantes
1016 1455 1085 1509 mm
1107 1464 1127 1509 a
1149 1440 1339 1535 peditibus,
1366 1463 1407 1511 ne

323 1550 616 1649 proculcarentur,
630 1571 731 1642 quam
745 1549 788 1616 ab
803 1546 1088 1642 equitibus,quod
1099 1568 1217 1617 eorum
1228 1548 1406 1617 stridorem

322 1672 422 1755 atque
444 1658 583 1728 odorem
605 1654 775 1725 insolitum
802 1656 879 1749 equi
903 1655 1115 1724 horrebant:
1142 1655 1200 1723 sed
1218 1656 1299 1724 huic
1320 1658 1407 1750 parti

323 1766 509 1836 remedium
530 1762 730 1833 adhibuerat
748 1761 947 1832 adducendo
960 1759 1155 1856 elephantes
1170 1765 1206 1830 in
1225 1778 1359 1847 eastra,
1374 1778 1406 1831 et

323 1873 450 1968 aliquos
464 1874 499 1940 i'n
513 1870 645 1940 Italiam
664 1868 828 1938 mittendo
843 1868 886 1936 ad
898 1869 1120 1937 eruditionem
1136 1892 1305 1938 nouorum
1318 1893 1407 1939 exer

321 1980 469 2067 situum,
483 1992 522 2047 ut
538 1992 573 2046 et
585 1976 713 2071 pedites
730 1975 897 2044 discerent
914 1976 1052 2045 ubinam
1071 1978 1193 2045 annati
1211 1978 1315 2045 etiam
1333 1977 1404 2046 vul·

323 2089 434 2156 nerari
467 2099 626 2180 possent,
655 2097 689 2150 et
716 2083 793 2175 equi
819 2080 986 2151 horrificae
1013 2081 1132 2151 helluae
1158 2100 1406 2172 assuescerent,

322 2202 356 2262 et
377 2194 516 2262 horrere
538 2190 746 2276 desinerent;
765 2201 865 2281 atque
884 2190 931 2257 ita
952 2188 1111 2259 effectum
1130 2204 1181 2259 est
1195 2213 1214 2277 ,⁴
1227 2205 1267 2259 ut
1290 2192 1405 2261 formi-

322 2300 431 2368 dabile
441 2296 563 2367 animal
578 2296 732 2364 manibus
743 2294 1166 2391 pertractatum,interque
1175 2321 1279 2392 equos
1294 2324 1404 2369 versa·

322 2412 601 2502 tum,pr0specta
611 2420 671 2471 sua
679 2401 1040 2489 tarditate,vilesceret.
1050 2402 1141 2471 illud
1150 2409 1403 2501 quoqueprovi·

322 2513 507 2583 dentissimi
524 2510 618 2580 ducis
634 2509 778 2604 augebat
794 2532 931 2597 curam,
946 2500 1037 2606 qu'od
1056 2510 1310 2582 insidiosissime
1329 2541 1403 2584 eum

319 2639 402 2717 rege
424 2647 496 2689 rem
516 2619 672 2714 gerebat,
688 2632 841 2686 assuetus
861 2616 1022 2686 dimicare
1039 2643 1117 2687 cum
1137 2618 1262 2708 Gallis,
1277 2626 1404 2716 apertis

322 2723 582 2814 hominibus,et
602 2724 797 2796 insidiarum
819 2725 955 2811 nesciis,
970 2749 1039 2794 non
1061 2724 1251 2814 fraudibus,
1270 2729 1424 2797 sedvir··

321 2848 396 2904 tute
427 2832 651 2902 bellantibus:
669 2831 809 2900 timebat
833 2852 877 2898 ne
901 2829 1046 2899 militum
1077 2854 1235 2920 suorum,
1259 2859 1403 2928 quorum

319 2941 440 3010 uirtuti
454 2942 535 3009 satis
550 2939 693 3025 fidebat,
708 2937 966 3031 circumspectio
983 2953 1103 3008 contra
1115 2937 1286 3009 insolitum
1300 2967 1403 3036 genus

320 3049 429 3117 hostis
450 3068 520 3114 non
542 3037 730 3131 sufficeret3
753 3044 894 3137 ideoque
914 3045 1062 3137 quotidie
1080 3069 1138 3114 eos
1154 3069 1217 3141 per
1239 3051 1404 3143 experiere

319 3153 407 3224 tiam
427 3151 719 3235 circumducebat,
741 3165 781 3218 ut
801 3149 967 3219 discerent
987 3151 1135 3220 hostium
1155 3177 1267 3223 mores
1286 3181 1402 3244 nome,

320 3265 425 3357 qua'm
449 3257 571 3328 diversi
587 3272 697 3327 essent
717 3259 761 3326 ab
779 3257 926 3349 antiquis
947 3256 1119 3347 hostibus,
1134 3258 1303 3330 discerent
1320 3286 1401 3332 sem·

319 3393 386 3464 per
407 3367 542 3436 intentis
565 3367 682 3434 animis
704 3383 796 3451 esse,
814 3364 930 3431 omnia
947 3365 1203 3460 circumspicere
1216 3382 1251 3436 et
1274 3393 1399 3438 cavere.

283 3503 285 3507 ’
322 3479 395 3546 Has
405 3478 492 3544 inter
503 3473 596 3542 ducis
610 3491 707 3540 curas
721 3483 823 3563 atque
836 3471 1009 3558 exercitia,
1020 3473 1090 3565 jam
1105 3489 1270 3568 'supremae
1282 3497 1400 3572 pugne

323 3589 457 3678 tempus
475 3578 791 3676 appropinquabat,
810 3589 847 3650 et
863 3579 974 3677 primo
994 3579 1129 3673 quidem
1149 3583 1262 3655 Cesar
1280 3585 1400 3652 exerce

319 3698 394 3760 tum
418 3687 595 3784 diligenter
613 3687 930 3754 instructumsecus
948 3685 1096 3755 mutim
1113 3703 1225 3756 castra
1244 3688 1401 3777 deduxit,

319 3812 359 3866 et
378 3821 473 3891 aequo
495 3798 529 3864 i‘n
545 3793 620 3863 loco
634 3791 795 3861 ordinatis
817 3791 968 3881 aciebus,
990 3792 1066 3863 illos
1084 3793 1127 3862 ad
1148 3795 1302 3890 prelium
1319 3797 1398 3864 inri-

319 3903 441 3992 tabat,
456 3899 717 3997 expectabatque
731 3922 789 3968 eos
799 3918 909 3994 usque
919 3900 964 3968 ad
977 3921 1173 3996 vesperam:
1189 3904 1248 3971 ubi
1265 3902 1338 3972 illos
1353 3904 1399 3970 vi·

318 4010 382 4080 'det
395 4009 610 4105 pertinaciter
626 4025 797 4090 recusare,
810 4008 873 4075 sub
891 4022 1025 4077 noctem
1038 4010 1072 4076 in
1087 4023 1196 4080 castra
1213 4011 1398 4079 revertitur.

320 4117 510 4189 Discedens
519 4131 637 4188 autem
646 4167 656 4204 ,
665 4117 855 4186 'insectante
868 4133 947 4185 eum
962 4106 1130 4207 Labieno,
1145 4117 1263 4212 fugato
1275 4132 1399 4200 umen,
