3000 5025
342 513 414 585 186
555 516 584 583 J.
614 514 771 583 CELSI
800 505 1195 582 COMMENTARII

333 672 409 725 mres
422 646 606 739 defuisset:
620 647 684 716 sed
699 643 858 742 cogitans
872 651 905 713 te
915 645 1054 740 dignum
1066 651 1124 714 cni
1130 651 1240 714 uitam
1253 644 1414 730 debeam,

333 754 386 823 ad
402 757 590 824 clementia
617 769 687 822 tute
700 759 822 851 potuis
842 776 948 847 quarn
961 758 1081 821 mortis
1098 754 1267 821 anitum
1287 752 1437 844 corfin-⁴

329 865 413 953 gio:
430 884 493 931 nec
510 860 625 948 nobis,
652 864 789 947 Caesar,
812 884 876 928 nec
897 858 1057 928 militibus
1072 860 1153 928 liis
1138 882 1242 928 irasci
1239 858 1413 944 debeas,

330 968 430 1060 quod
442 992 541 1062 ergo
546 974 785 1064 imperatorem
805 982 957 1036 nostram
984 970 1205 1062 Pompeium,
1231 966 1355 1089 quoad
1374 968 1415 1033 li·

331 1079 418 1160 cuit,
445 1070 640 1168 obsequiosi
642 1074 784 1165 fiamus
806 1090 844 1141 et
862 1088 1087 1142 constantes:
1113 1096 1224 1166 neque
1249 1077 1340 1140 em'rn
1364 1077 1419 1140 tui

329 1179 429 1266 odio,
453 1181 519 1249 sed
541 1180 720 1249 servanda
735 1180 835 1271 fidei
857 1179 971 1249 studi>
998 1180 1038 1248 id
1063 1187 1210 1274 egr'rnus;
1237 1179 1302 1247 sed
1329 1178 1416 1271 jam

273 1362 276 1371 ¹
313 1285 414 1374 fidei
432 1294 520 1356 satis
539 1311 584 1355 ac
600 1289 761 1382 supplicii
776 1304 852 1356 est:
879 1302 916 1355 et
926 1286 1029 1376 fides
1053 1302 1090 1353 et
1104 1290 1284 1382 patientia
1314 1290 1415 1354 victa

328 1408 382 1460 est
387 1418 400 1477 ;
422 1396 531 1463 multa
547 1400 672 1488 graoi‘a
685 1410 720 1462 et
741 1399 866 1463 animis
882 1409 919 1461 et
935 1392 1134 1488 corporibus
1149 1398 1254 1488 passi
1271 1416 1411 1480 suiuus,¹
1429 1450 1432 1454 .

326 1515 364 1566 et
376 1506 463 1594 pati
491 1500 641 1596 amplius
666 1524 736 1569 non
764 1501 939 1588 ualentes,
974 1504 1124 1595 mutique
1153 1516 1191 1567 et
1215 1500 1409 1593 supplices,

325 1628 466 1674 oramus
488 1632 532 1675 ne
554 1607 606 1681 ad
618 1608 739 1676 ultima
746 1606 977 1702 progrediere
997 1607 1176 1702 supplicia.
1201 1607 1287 1693 Quae
1302 1630 1411 1698 quum

228 1754 230 1763 ι
326 1709 380 1781 ille
402 1711 557 1801 dixisset,
586 1716 698 1783 Caesar
726 1738 857 1808 semper
883 1738 1009 1808 pronus
1037 1712 1079 1781 ad
1105 1712 1264 1781 veniam:
1287 1714 1409 1798 Nulli,

325 1819 450 1912 inquit,
463 1844 510 1889 en
523 1820 679 1889 omnibus
701 1845 790 1914 quos
807 1820 930 1888 belbtm
944 1825 1110 1905 armavit,
1122 1825 1285 1888 minorem
1299 1842 1412 1912 quam

325 1948 390 1992 tros
408 1926 539 1995 liabent
552 1943 616 1994 aut
631 1932 936 1995 commiserationis
954 1931 1136 1995 materiam
1158 1940 1223 1993 aut
1233 1926 1412 2019 querelae:

324 2039 444 2100 centeri
462 2038 551 2101 enim
573 2056 691 2101 omnes
709 2032 762 2101 ad
771 2032 957 2101 liuncdiem
975 2057 1078 2126 quum
1096 2056 1260 2128 pugnare
1277 2033 1415 2100 meliori

323 2137 518 2206 conditrbne
536 2140 703 2223 licuisset,
731 2163 807 2206 sese
820 2140 948 2234 proebb
971 2163 1224 2233 congressuque
1250 2139 1411 2207 volentes

324 2242 534 2329 abstintoere,
561 2268 620 2330 ne,
636 2245 729 2334 fluo
755 2252 927 2339 sanguine
952 2251 1093 2331 ctutum,
1122 2251 1188 2314 iter
1200 2250 1307 2340 pacis
1330 2245 1410 2313 obs·

322 2365 517 2419 trsteretnr:
534 2352 603 2419 soli
612 2374 677 2420 uos
696 2352 785 2421 ultro
805 2352 888 2419 milii
909 2358 1040 2421 armati
1056 2357 1270 2438 occurristis,
1289 2373 1406 2439 meas,

321 2461 355 2525 si
377 2473 501 2527 contra
516 2482 592 2526 sors
615 2474 724 2545 esset,
745 2464 913 2528 uictorias
932 2462 1120 2529 moraturi:
1140 2458 1206 2528 sed
1218 2464 1332 2529 evenit
1344 2482 1408 2529 nro-

320 2562 372 2631 bis
383 2565 481 2658 quod
488 2564 692 2661 quibusdam
699 2565 940 2660 pertinacibus
951 2590 996 2634 ac
1008 2565 1180 2661 superbis,
1194 2582 1235 2634 ut
1243 2565 1296 2634 ud
1305 2567 1406 2653 aad,

318 2670 416 2764 quod
429 2674 615 2741 insolenter
626 2678 873 2758 recusaverint,
889 2695 973 2742 mon
984 2673 1155 2741 luimilr'ter
1164 2687 1384 2741 revertuntur
1392 2699 1406 2759 ;

316 2777 416 2846 uobis
427 2804 511 2874 crgo
524 2778 668 2848 libenter
680 2779 894 2848 uenientibus
905 2784 1043 2848 neruum
1050 2779 1236 2848 dedissem:
1244 2786 1408 2848 renuistis

319 2891 468 2972 ueniam,
483 2901 519 2954 et
519 2891 683 2980 parastis
695 2885 819 2955 bellum
830 2885 913 2954 :sed
918 2901 1050 2986 etnunc
1058 2885 1255 2981 petentibus
1264 2891 1406 2955 vernum

318 2989 387 3076 do,
408 2994 609 3086 supplicium
625 2997 760 3060 remitto
776 2999 847 3061 :ite
862 2997 968 3086 igitur
981 2997 1017 3060 in
1023 3016 1140 3087 pace,·
1157 2992 1222 3061 sed
1231 2997 1405 3061 exercitus

317 3095 496 3166 dimittite:
511 3121 580 3166 non
599 3114 638 3166 ut
649 3104 718 3167 mei
730 3104 817 3187 sint,
836 3098 902 3167 sed
915 3122 959 3166 ne
975 3115 1099 3167 contra
1114 3123 1175 3167 me.
1191 3096 1284 3167 Nihil
1296 3097 1406 3168 laetius

317 3201 437 3272 milites
459 3203 575 3273 audire
590 3207 791 3300 potuissent,
807 3203 898 3299 quod
920 3229 1004 3274 voce
1018 3220 1179 3299 gestuque
1193 3205 1405 3293 indicebant,

318 3333 437 3404 nempe
454 3313 511 3404 qui
530 3337 664 3405 poenam
687 3314 886 3397 timuerant,
904 3312 1128 3404 gratissimam
1142 3326 1242 3404 etque
1262 3313 1403 3405 optatisss

316 3416 433 3484 simam
459 3419 647 3487 missionem
672 3419 732 3487 sibi
757 3418 916 3512 obtigisse
936 3415 1142 3487 laetebantur.
1164 3420 1280 3506 Quum
1300 3419 1404 3511 igitur

314 3521 356 3591 de
380 3538 531 3618 tempore
554 3553 592 3595 ac
613 3526 655 3593 de
676 3524 751 3593 loco
769 3525 933 3592 missionis
954 3526 1008 3619 agi
1027 3540 1175 3620 coeptum
1194 3538 1296 3610 esset,
1315 3523 1401 3592 mili·

315 3643 365 3698 tes
393 3631 590 3726 Pompeiani
622 3656 737 3699 omnes
766 3631 921 3698 manibus
952 3655 991 3699 ac
1016 3630 1218 3700 clamoribus
1242 3631 1405 3699 obtestari
1476 3700 1477 3715 ,

313 3752 508 3831 coeperunt,
532 3752 570 3806 ut
604 3737 725 3805 ibidem
756 3739 934 3830 statimque
964 3737 1210 3806 dimitterentur
1225 3761 1402 3831 ;·nempe,
1476 3722 1477 3807 f

313 3843 339 3910 si
368 3841 469 3911 dilata
491 3869 544 3912 res
566 3858 666 3930 esset,
686 3844 961 3937 promissionibus
990 3842 1072 3912 nihil
1092 3858 1206 3912 actum
1229 3844 1302 3911 iri:
1325 3844 1402 3936 jure

313 3949 536 4042 periculosum
570 3965 602 4019 et
630 3949 811 4020 infaustum
844 3949 968 4019 bellum
993 3949 1154 4034 oderant3
1174 3974 1276 4018 omne
1300 3952 1336 4018 in
1360 3974 1400 4017 eo
1475 3974 1476 4011 1

312 4054 391 4124 mali
425 4081 529 4150 genus
564 4058 710 4152 experti,
737 4082 855 4153 pacem
882 4057 1044 4152 optabant
1073 4072 1107 4125 et
1130 4058 1300 4150 quietem,
1326 4081 1400 4149 quae

311 4177 392 4233 tnnc
412 4162 510 4256 plane
537 4167 750 4260 cognoscitur
768 4165 849 4232 dum
874 4163 1025 4258 perditur
1048 4163 1151 4232 :finis
1175 4163 1253 4249 fuit,
1276 4177 1314 4231 ut
1343 4163 1402 4254 qui
