3000 5025
291 493 366 565 σγα
668 464 986 533 PLUTARCHI

289 598 484 693 σκηψάμενον
505 601 561 666 οὐκ
576 598 657 689 ,ἔχειν
669 597 708 667 τὸ
726 595 792 665 ἴσον
812 600 841 665 έν
860 609 901 692 τῇ
919 582 1042 663 Ελλιίδι
1058 597 1136 690 πρὸς
1151 577 1303 675 θλληνας.
1317 585 1365 665 θὶν

288 700 324 775 δὲ
333 694 428 801 Ρώμη
438 710 537 779 πολλη
548 730 601 797 μεν
615 730 665 772 ιπι
677 730 723 792 τῳ
730 711 816 799 λογῳ
828 703 897 796 περὶ
908 701 965 781 τὰς
978 689 1158 798 συνηγορίας
1171 708 1268 771 αὐτοῦ
1279 705 1366 799 χοίρις

284 808 455 907 ἐξέλαμπε,
468 814 568 885 πολλὴ
586 802 622 878 δέ
637 821 693 891 τῆς
704 811 775 905 περὶ
788 808 846 890 τάς
857 802 1012 890 δεξιώσεις
1027 810 1080 878 καὶ
1092 809 1213 903 ὁμιλίας
1227 818 1369 905 φιλοφρο-

286 924 377 1000 σύνης
392 921 492 987 εύνσια
507 917 593 1012 παρὰ
602 925 665 985 τῶν
679 909 826 1004 δημοτῶν
840 916 1208 1011 ἀπηντα,θιραπευτικσῦ
1218 919 1293 1012 παρ’
1305 925 1369 993 ηλι-

284 1026 353 1099 κίαν
372 1027 471 1105 ὄντος.
491 1003 539 1091 έΙν
559 1016 597 1091 δέ
614 1050 663 1103 τις
676 1023 728 1093 καὶ
744 1025 808 1093 ἀπὸ
827 1015 958 1093 δείπνων
975 1023 1027 1092 καὶ
1039 1018 1211 1117 τραπέζης,
1222 1023 1276 1091 καὶ
1288 1028 1367 1105 ὁλως

286 1145 344 1213 τῆς
366 1132 435 1226 περὶ
459 1133 515 1207 την
540 1122 666 1199 δίαιταν
685 1131 911 1225 λαμπρότητος
939 1123 1128 1223 αὐξανομένη
1152 1126 1237 1198 κατὰ
1259 1134 1367 1226 μικρὸν

285 1245 372 1327 αὐτῷ
391 1231 521 1331 δύναμις
540 1238 580 1317 εἰς
599 1241 656 1312 τήν
675 1237 846 1306 πολιτείαν.
866 1214 912 1304 hv
928 1238 971 1305 .τύ
989 1245 1113 1332 πρῶτον
1128 1238 1158 1305 οἱ
1170 1237 1368 1329 φθονοῦντες,

285 1346 418 1441 οἰόμενοι
439 1346 543 1438 ταχὺ,
560 1355 623 1411 τῶν
647 1344 862 1438 ἀναλωμάτων
886 1344 1112 1428 ἐπιλιπόντων,
1136 1337 1276 1422 ἐξίτηλον
1301 1347 1368 1413 ἔσε-

286 1454 372 1538 σθαι,
388 1455 561 1548 περιεώρων
576 1451 725 1519 ἀνθοῦσαν
744 1454 775 1517 ἐν
792 1459 856 1531 τοῖς
872 1456 1011 1531 πολλοῖς·
1027 1448 1086 1541 ὀψὲ
1105 1444 1135 1517 δ’
1153 1450 1302 1545 ᾔσθοντο,
1317 1475 1369 1546 με·

284 1560 383 1657 γαλης
403 1558 456 1628 καὶ
474 1551 729 1652 δυσανατρέπτου
747 1558 930 1654 γενομένης,
945 1557 998 1625 καὶ
1017 1549 1205 1643 βαδιζούσης
1216 1555 1369 1653 ἀντικφυς

285 1665 336 1736 έπὶ
353 1670 410 1741 τὴν
432 1673 494 1733 τῶν
512 1668 591 1735 ύλων
613 1660 812 1759 μεταώσλὴν,
829 1671 869 1744 ὡς
892 1655 1036 1757 οὐδεμίαν
1062 1664 1159 1757 ἀρχὴν
1173 1662 1369 1761 πράγματος

284 1775 417 1869 ἡγητέον
435 1775 518 1840 οὕτω
537 1768 664 1866 μικρὰν,
676 1772 712 1848 ἢν
733 1775 768 1840 οὐ
786 1772 868 1863 ταχὺ
884 1778 969 1839 ποιεῖ
982 1768 1119 1866 μεγαλην
1138 1772 1176 1839 τὸ
1195 1762 1368 1865 ἐνδελεχὲς,

190 1943 192 1947 .
286 1884 322 1949 έκ
343 1890 401 1949 τοῦ
417 1878 698 1971 ,καταφρονηθῆναι
719 1881 758 1947 τὸ
785 1882 828 1971 μὴ
853 1878 1025 1953 κωλυθῆναι
1046 1863 1267 1945 λαύοῦσαν.0
1294 1890 1368 1974 γοῦν

283 1996 407 2080 πρῶτος
420 1977 583 2053 ὑπιδέσθαι
597 1977 697 2053 δοκῶν
709 1988 807 2053 αὐτοῦ
820 1983 872 2052 καὶ
890 1979 1062 2076 φούηθῆναι
1070 1983 1247 2068 πολιτείας,
1262 1989 1366 2082 ὥσπερ

285 2092 488 2175 θαλλοίττης,
510 2088 554 2157 τὰ
576 2082 790 2187 διαγελῶντα,
809 2090 861 2159 καὶ
886 2094 942 2165 τὴν
966 2093 996 2158 έν
1020 2098 1066 2178 τῷ
1088 2090 1294 2185 φιλανθρώπῳ
1316 2094 1368 2163 καὶ

284 2199 381 2292 ιλαρῷ
400 2200 606 2292 κεκρυμμένην
624 2189 795 2273 δεινότητα
813 2208 870 2265 τοῦ
886 2198 977 2277 ἤθους
999 2198 1188 2291 καταμαθὼν
1206 2200 1368 2293 Κικέρων,

283 2307 370 2400 ἔλεγε
392 2312 458 2383 τοῖς
477 2301 582 2383 ἀλλοις
605 2302 718 2373 ἅπασιν
742 2298 998 2397 ἀπιύουλεύμασιν
1023 2308 1121 2373 αὐτοῦ
1143 2304 1196 2372 καὶ
1209 2310 1368 2375 ’πολιτεύ-

286 2436 362 2505 μασι
379 2414 559 2505 τυραννικὴν
580 2414 685 2504 ε’νορᾷν
704 2402 858 2480 διάνοιαν·
872 2444 885 2471 «
898 2399 978 2478 Ᾱλλ’
992 2415 1067 2479 όταν
1081 2406 1171 2503 (ἔφη)
1189 2412 1246 2484 τὴν
1266 2413 1366 2506 κόμην

285 2551 300 2579 ι
318 2521 402 2589 οὕτω
418 2509 613 2612 διακειμένην
632 2528 786 2613 περιττῶς
804 2508 881 2604 ἴδω,
900 2519 1037 2587 κάκεῖνον
1056 2517 1100 2586 ἑνὶ
1122 2510 1269 2607 δακτυλῳ
1288 2526 1367 2589 κνώ-

282 2655 300 2684 -ι
315 2651 408 2720 μενον,
415 2624 437 2710 ¹,
449 2627 485 2693 ού
500 2652 552 2719 μοι
567 2617 653 2694 δοκεῖ
667 2625 761 2694 ποίλιν
781 2623 869 2704 οὗτος
885 2622 1043 2719 ἅνθρωπος
1060 2624 1101 2703 εἰς
1119 2634 1189 2693 νοῦν
1209 2619 1244 2690 ἀν
1265 2623 1367 2718 έμόα-

284 2732 415 2800 ιλέσθαι
437 2739 604 2807 τηλικοῦτο
623 2733 734 2817 κακὸν,
752 2729 903 2825 ἀναίρεσιν
924 2743 981 2810 τῆς
1001 2717 1152 2824 Ρωμαίων
1170 2731 1365 2815 πολιτείοις.-ν

285 2842 395 2908 Ταῦτα
414 2839 468 2933 μὲν
488 2835 539 2907 οὖν
558 2842 677 2933 ὐςερον.

337 2947 382 3015 V.
406 2949 470 3013 Τοῦ
495 2936 531 3012 δὲ
554 2938 655 3039 δόμου
680 2949 808 3040 πρώτην
832 2947 886 3040 μὲν
910 2937 1068 3025 ἀπόδειξιν
1092 2957 1149 3024 τῆς
1171 2948 1248 3039 πρὸς
1268 2950 1364 3018 αὐτὸν

283 3050 399 3130 εὐνοίας
418 3046 547 3136 ἔλαύεν,
565 3055 619 3120 ὅτε
641 3053 717 3146 πρὸς
736 3052 828 3120 Γάϊσν
851 3051 1002 3121 Ποπίλιον
1022 3052 1122 3145 ε’ρίσας
1143 3054 1218 3145 ὑπὲρ
1238 3060 1365 3149 χιλιαρ·

283 3157 372 3251 χίας,
390 3159 538 3251 πρότερος
558 3159 754 3253 ἀνηγορεύθη·
778 3151 924 3252 δευτέραν
944 3150 998 3243 δέ,
1019 3159 1072 3241 καὶ
1089 3162 1365 3254 καταφανεςέρσιν,

284 3270 355 3349 ὅτε,
373 3275 430 3343 τῆς
447 3263 569 3358 Μαρίου
587 3267 749 3359 γυναικὸς,
767 3249 908 3349 Ῐσυλέας,
926 3265 1154 3351 ἀποθανούσης,
1173 3257 1362 3363 ἀδελφιδοῦς

283 3372 326 3447 ὢν
341 3372 611 3466 αὐτῆς,ἐγκώμιόν
626 3397 661 3440 τε
676 3373 819 3465 λαμπρὸν
838 3374 868 3437 ἐν
886 3370 1001 3466 ἀγοφᾷ’
1018 3364 1140 3457 διῆλθε,
1150 3372 1203 3439 καὶ
1220 3374 1361 3467 περὶ-τήν

282 3475 413 3572 ’έκφοράν
439 3479 608 3571 ἐτόλμησεν
633 3477 748 3558 εἰκόνας
776 3475 898 3571 Μαρίου
920 3477 1110 3571 προθέσθαι,
1134 3479 1209 3548 τότε
1235 3485 1360 3574 πρῶτον

282 3583 423 3677 ὀφθείσας
442 3583 523 3677 μετὰ
538 3587 594 3658 τὴν
610 3584 661 3654 ἐπὶ
675 3586 779 3652 Σύλλα
795 3583 973 3670 πολιτείαν,
987 3584 1141 3678 πολεμίων
1158 3595 1220 3654 τῶν
1239 3579 1360 3682 ἀνδρῶν

281 3691 456 3788 κριθέντων.
471 3676 536 3758 Επὶ
548 3693 652 3779 τούτῳ
664 3689 723 3787 γὰρ
738 3689 821 3758 ἐνίων
836 3686 1101 3765 καταόοησάντων
1115 3701 1172 3759 τοῦ
1183 3693 1361 3788 Καίσαρος,

282 3804 299 3866 ό
322 3790 421 3891 δῆμος
446 3798 600 3889 ἀντήχησε
621 3804 773 3891 λαμπρῶς
799 3790 963 3893 δεξόμενος
985 3799 1104 3891 κρότῳ,
1122 3799 1174 3866 καὶ
1199 3799 1359 3894 θαυμάσας

325 4013 348 4050 1.
367 3996 422 4062 Qui
441 4015 499 4051 mos
514 3997 595 4050 etiam
608 3996 660 4050 suit
674 3997 798 4069 Pompeii
841 3994 876 4050 de
889 3996 1020 4053 discincto
1034 3997 1137 4051 Come
1149 4016 1157 4050 t
1168 4017 1249 4070 quam
1265 4013 1360 4054 nasute

281 4075 411 4143 munde
418 4075 507 4131 clodii
515 4090 542 4132 et
549 4077 664 4132 aliorum
672 4077 798 4150 inipuum
841 4089 947 4144 autem,
962 4097 1005 4132 m
1018 4079 1212 4150 comprobavit.
1227 4081 1275 4144 43.

280 4157 456 4214 contumelia.
470 4155 549 4213 Idem
563 4157 635 4230 sylla
648 4160 798 4229 conjecerat
885 4179 910 4213 ε.
923 4159 978 4214 Pro
991 4159 1101 4228 εοεειὶες
1115 4160 1240 4226 Quaestor
1251 4161 1333 4214 enim.
