3000 5025
323 443 400 532 Δύο
463 503 465 510 .
568 455 571 466 '
625 447 662 514 C.
691 445 836 512 JULII
866 443 1102 513 CAESARIS

321 578 376 658 καὶ
391 571 426 644 ἀν
451 577 504 669 μὲν
525 583 570 663 τῷ
587 578 713 670 πολέμῳ
732 577 915 660 ἐπιτιθέναι,
930 577 981 644 καὶ
1004 579 1041 644 τὸ
1062 587 1125 644 τῶν
1142 578 1305 671 ἀνθρόπων
1323 583 1391 646 τού·

325 709 387 751 των
402 673 561 776 πρόρριζον
576 682 772 751 ἀνασπᾶσθαι
786 684 966 776 ἐπίτριπτον
980 686 1066 778 γένος
1080 685 1109 752 οἰ
1122 671 1261 776 Ῥωμαῖοι
1272 682 1391 767 θέλοιεν,

325 782 502 882 διασχιςέον
523 790 594 881 μὲν,
613 790 665 857 καὶ
691 790 731 868 εἰς
759 788 862 857 πολλὰ
881 782 1073 883 διαμεριςέον
1101 788 1137 864 ἦν
1165 793 1203 858 τὸ
1231 793 1390 885 ςράτευμα·

325 889 486 990 ἐνεδρεύειν
516 889 546 962 δ’
565 901 687 978 αὐτοῖς,
704 895 757 963 καὶ
782 887 1050 990 ἀπροσδοκήτοις,
1069 897 1139 990 περί
1166 923 1201 964 τε
1232 902 1289 973 τὴν
1317 899 1393 966 λείαν

326 995 577 1096 διεσπαρμένοις,
593 1001 780 1070 ἐπιτίθεσθαι
804 1006 911 1080 ἐκαςοι
930 1011 992 1070 τῶν
1017 1003 1171 1096 πολεμίων
1197 1005 1286 1095 μόνοι
1310 1007 1395 1073 ἐτόλ-

325 1136 400 1203 μων·
424 1105 460 1175 ἀν
478 1099 513 1174 δὲ
531 1109 607 1200 πρὸς
626 1106 683 1186 τὰς
702 1103 804 1186 τάξεις
821 1104 941 1203 (ὥσπερ
959 1113 980 1182 ἥ
999 1134 1033 1175 τε
1048 1109 1210 1193 συνήθεια,
1228 1111 1317 1185 καὶὴ
1340 1122 1394 1178 τῶν

324 1203 474 1308 θωμαίων
493 1209 643 1290 ηύούλετο
667 1206 802 1306 διδαχὴ)
816 1219 928 1293 έκαςον
953 1210 1113 1284 ύούλοιντο
1131 1219 1275 1308 κατέχειν
1296 1217 1393 1310 λόχον,

324 1325 395 1401 τοὺς
409 1321 572 1414 πολεμίους
586 1327 602 1388 ὁ
617 1323 713 1400 τόπος
734 1323 827 1400 αὐτὸς
846 1324 993 1416 ἐφρούρει.
1014 1326 1178 1390 Τοσούτων
1199 1325 1254 1414 μὲν
1274 1321 1323 1391 οὖν
1344 1327 1393 1391 αὖ·

325 1438 389 1507 τοῖς
404 1430 590 1520 φαινομένων
606 1420 803 1521 δυσχερειῶν,
816 1432 886 1495 ὅσον
900 1420 1052 1503 ἠδύναντο
1071 1431 1253 1521 προενύουν,
1268 1433 1311 1522 μὴ
1331 1431 1393 1508 τοὺς

323 1533 486 1628 πολεμίους
505 1535 633 1628 πρόσθεν
663 1531 833 1618 ύλάπτειν,
847 1530 977 1628 (καίπερ
996 1534 1048 1602 ἐπὶ
1073 1536 1111 1602 τὸ
1130 1537 1330 1630 τιμωρεῖσθαι
1350 1541 1393 1604 αύ-

323 1643 395 1719 τούς
414 1641 538 1709 πάντων
559 1638 819 1736 φλεγμαινύντων)
833 1635 1076 1723 θόλάπτοντες,
1092 1642 1181 1710 αὐτοὶ
1197 1637 1391 1710 ύλοίπτεσθαι·

324 1749 430 1842 ἀμέλει
448 1749 523 1840 πρὸς
542 1747 599 1826 τὰς
617 1740 807 1842 περιοικίδας
826 1747 928 1825 πάσας
947 1755 1009 1814 τῶν
1028 1735 1209 1841 Εύουρύνιυν
1227 1742 1391 1843 διεπέμψα·

325 1881 362 1922 το
381 1855 505 1936 πόλεις,
524 1855 644 1932 πάντας
664 1857 735 1933 τοὺς
755 1855 866 1933 ἱππέας
889 1845 994 1922 ελπίδι
1007 1854 1107 1938 λείας,
1127 1857 1177 1924 ἐπὶ
1198 1859 1236 1925 τὸ
1264 1853 1391 1930 τὴντῶν

324 1947 505 2054 Εύουρόνων
518 1960 638 2054 πορθεῖν
653 1965 756 2054 χώραν
772 1967 973 2053 παρακαλῶν·
988 1971 1112 2055 πρῶτον
1132 1965 1205 2054 μὲν,
1219 1965 1269 2030 ίνοι
1284 1965 1390 2055 μάλλον

323 2072 341 2140 ἡ
362 2077 425 2134 τῶν
445 2066 572 2134 Γάλλων
590 2061 649 2145 ζωὴ
664 2113 674 2152 ,
688 2078 745 2146 τῆς
765 2079 826 2134 τῶν
841 2075 1046 2161 ςρατιωτῶν,
1064 2071 1095 2134 ἐν
1114 2078 1180 2147 τοῖς
1195 2061 1322 2163 δρυμοῖς
1341 2094 1391 2136 κιν-

324 2165 499 2240 δυνεύσειεν·
530 2175 595 2265 ἅμα
624 2165 729 2241 δὲκαὶ
757 2177 808 2240 ἵνα
834 2175 871 2240 τὸ
891 2183 953 2241 τῶν
978 2160 1158 2267 Εύουρόνων
1183 2179 1269 2271 γένος
1294 2201 1328 2242 τε
1346 2175 1389 2242 καί

323 2281 440 2371 ὄνομα,
465 2285 588 2348 πολλῶν
612 2279 663 2347 ἐπὶ
684 2283 789 2368 τούτῳ
810 2279 947 2347 πάντοσε
970 2281 1066 2348 ὄντων
1087 2282 1219 2367 ἱππέων,
1242 2289 1388 2359 παντελῶς

323 2381 509 2480 ἀποσύεσθῇ.
1134 2393 1138 2396 ’

378 2494 518 2562 XXXV.
538 2497 648 2561 Ταῦτα
667 2494 721 2585 μὲν
740 2497 770 2561 έν
785 2504 825 2588 τῇ
841 2501 902 2560 τῶν
921 2479 1100 2586 Εόουρόνιυν
1116 2499 1277 2565 ἐποιοῦντο
1297 2499 1389 2591 χώρᾳ,

324 2599 375 2667 καὶ
391 2592 451 2674 ἤδη
471 2593 649 2679 ἐπλησίαζεν
670 2608 688 2674 ἡ
709 2592 843 2694 ἐύδομος
856 2601 971 2693 ἡμέρα,
985 2604 1015 2666 ἐν
1033 2598 1056 2694 72²-
1073 2605 1148 2694 πρὸς
1167 2606 1221 2671 τὸν
1240 2606 1388 2696 Κικέρωνα

324 2709 447 2799 ἔμελλεν
463 2712 479 2773 οΙ
494 2710 616 2801 Καῖσαρ
632 2710 801 2781 ἐπανήκειν·
822 2708 956 2773 ἐνταῦθα
975 2699 1027 2791 δὲ,
1042 2709 1137 2776 πόσον
1157 2712 1187 2775 ἐν
1206 2720 1254 2797 τῷ
1275 2713 1389 2802 πολέμῳ

325 2806 456 2881 δύναται
475 2820 493 2889 η
515 2814 616 2905 τύχη,
642 2814 694 2880 καὶ
722 2815 821 2891 πόσας
842 2808 1048 2909 ἀπεργάζεται
1073 2816 1259 2907 συντυχίας,
1282 2819 1390 2910 ἐγένετο

324 2918 548 3014 τεκμαίρεσθαι·
564 2912 816 2987 διασπασθέντων
835 2921 889 3013 μὲν
906 2920 984 3016 γὰρ,
996 2919 1048 2987 καὶ
1057 2918 1334 3012 ἐκπεφούημένων,
1348 2921 1391 2989 καὶ

325 3018 477 3119 μηδεμίαν
496 3024 645 3119 ςρατιέιν,
659 3031 727 3105 ἥτις
749 3025 850 3094 αἰτίαν
872 3030 962 3120 μόνον
981 3026 1053 3094 τινὰ
1072 3020 1159 3107 δέους
1181 3020 1314 3102 δύνηται
1335 3056 1390 3097 πα-

326 3140 464 3233 ρασχεῖν,
482 3137 537 3199 οὐκ
554 3134 705 3225 ἐχόντων,
723 3138 763 3211 ὡς
786 3134 837 3200 καὶ
856 3126 918 3208 ἤδη
934 3125 1132 3218 δεδήλωται,
1148 3143 1209 3202 τῶν
1227 3137 1392 3229 πολεμίων,

326 3240 353 3306 οἱ
372 3234 540 3332 Σίκαμύροι
556 3236 646 3331 (περὶ
672 3238 711 3305 ὧν
732 3232 795 3313 ἤδη
814 3240 1038 3333 ἐμνημονεύθη,
1053 3248 1093 3319 ὡς
1112 3243 1185 3319 τοὺς
1210 3244 1392 3337 Τεγχθέρους

327 3346 426 3423 ἱππεῖς
443 3348 473 3412 ἐν
488 3355 528 3440 τῇ
543 3352 625 3436 σφῶν
641 3349 727 3439 χώρᾳ
746 3339 972 3442 εἰσδεθεγμένοι
986 3344 1041 3413 εἷεν
1052 3344 1065 3431 )
1078 3348 1208 3422 πλησίον
1227 3360 1285 3417 τού
1303 3335 1393 3426 θάνον

325 3452 496 3534 οἰκοῦντες,
511 3460 573 3519 τῶν
600 3438 794 3546 θύουρόνων.
809 3456 865 3527 τὴν
892 3457 996 3548 χώραν
1019 3454 1195 3548 πορθεῖσθαι
1218 3458 1315 3549 πέραν
1343 3464 1393 3523 τοῦ

324 3544 423 3634 Ρύνου
443 3551 730 3650 διαθρυλληθέντος,
746 3560 856 3637 ἱππέας
878 3561 932 3652 μὲν
948 3559 1027 3651 ἀμφὶ
1045 3564 1117 3639 τοὺς
1137 3553 1307 3653 δισχιλίους
1329 3588 1394 3630 συν·
1475 3599 1477 3606 ⁴

325 3671 452 3761 η’γαγσν·
464 3664 554 3732 ὀὗτοι
573 3658 608 3731 δὲ
627 3664 743 3743 πλοίοις
765 3691 800 3732 τε
818 3666 870 3732 καὶ
884 3658 1036 3758 σχεδίαις,
1057 3658 1201 3736 διακόσια
1219 3671 1271 3739 καὶ
1290 3693 1394 3738 τεττα-
1476 3749 1477 3760 ρ

327 3774 461 3867 ράκοντα
484 3764 582 3849 ςάθιοι
614 3775 783 3865 κατωτέρω
809 3784 866 3849 τῆς
893 3783 951 3840 τοῦ
984 3773 1140 3867 Καίσαρος
1171 3779 1321 3870 γεφύρας,
1346 3780 1394 3843 τὸν
1476 3773 1477 3782 ’

325 3868 421 3955 Ρῆνον
444 3872 622 3963 διαύάντες,
646 3881 721 3972 πρὸς
739 3882 799 3952 τὴν
819 3888 881 3946 τῶν
901 3866 1083 3971 Εόουρύνων
1104 3886 1318 3975 πλησιωτέραν
1344 3891 1394 3949 τοῦ
1476 3881 1477 3914 δ

326 3972 424 4061 θάνον
451 3988 655 4080 παρεγένοντο
673 3989 797 4080 χώραν,
821 3984 873 4053 καὶ
900 3986 1031 4053 ἐνταῦθα
1051 3989 1185 4067 πολλοὺς
1205 3993 1235 4056 ἐν
1261 4000 1302 4084 τῇ
1320 3998 1392 4082 φυγῇ

327 4084 564 4185 διεσπαρμένους
577 4093 772 4185 ἀνθρώπους,
783 4092 836 4158 καὶ
851 4090 954 4159 πολλὰ
969 4094 1044 4185 πρθς
1058 4096 1182 4173 τούτοις
1198 4089 1392 4189 ὄοσκύματα,
