3000 5025
320 454 395 531 258
533 459 563 529 J.
591 456 747 527 CELSI
775 397 1178 525 COMMENTARII

318 593 457 689 gnidum
478 591 597 663 mortis
617 614 745 687 genus,
769 603 805 659 et
823 586 934 686 pridie
951 610 1054 683 quam
1079 598 1291 673 moremur,
1322 600 1395 655 orta

317 702 405 771 inter
427 723 558 771 coenam
577 698 748 769 mentione
767 696 810 765 de
831 696 962 792 optimo
983 718 1107 789 genere
1123 691 1307 781 moriendi,
1325 694 1394 788 ipse

319 820 464 879 mortem
486 806 631 882 subitam
652 806 963 901 inexpectatamque
980 799 1190 898 praetulerat3
1209 813 1245 870 et
1261 800 1298 867 in
1309 822 1396 894 quo·

320 914 449 988 tidiano
466 937 621 985 sermone
639 936 727 1008 saepe
745 911 859 983 dicere
877 908 996 981 solitus
1015 908 1205 979 ferebam:
1227 909 1328 979 Satis
1340 905 1398 975 dra

317 1046 357 1091 se
366 1076 379 1110 ,
399 1022 460 1092 vel
475 1034 615 1093 naturae
637 1024 792 1105 enasse,
807 1018 868 1089 vel
882 1019 1030 1113 gloriae:
1046 1016 1164 1111 cujus,
1186 1016 1223 1085 in
1247 1014 1397 1083 oratione

318 1154 383 1224 pro
403 1129 452 1199 Μ.
467 1124 647 1213 Marcello,
663 1127 786 1197 Cicero
805 1126 969 1197 meminit
985 1125 1182 1217 Utcumque
1197 1145 1239 1191 ea
1256 1145 1311 1191 res
1327 1144 1396 1191 cre·

318 1235 410 1324 dita,
433 1237 546 1307 Caesar
567 1232 678 1305 idibus
700 1233 854 1322 martiis,
882 1231 1025 1303 mrhatae
1047 1228 1248 1299 valetudinis
1272 1252 1397 1315 causa,

318 1340 511 1437 aliquandiu
529 1339 621 1412 domi
639 1339 812 1429 detentus,
823 1338 960 1409 tandem
979 1340 1025 1407 D.
1042 1340 1148 1407 Bruto
1161 1336 1321 1406 hortante
1333 1386 1344 1420 ,
1356 1359 1397 1404 ne

318 1462 550 1543 expectantem
569 1461 723 1517 senatum
743 1446 980 1534 frustraretur,
999 1443 1043 1513 ad
1063 1441 1208 1513 multum
1227 1442 1295 1511 diei
1320 1466 1397 1539 spa·

319 1556 424 1646 tium,
437 1555 526 1627 hora
540 1552 666 1625 scilicet
679 1554 812 1649 quinta,
828 1554 924 1623 venit
942 1553 978 1621 in
996 1552 1124 1621 curum
1142 1550 1396 1644 Pompeianam,

318 1686 393 1757 quae
411 1676 462 1733 est
475 1661 625 1757 Tarpeiae
642 1661 736 1756 rupis
755 1659 929 1743 inlatere,
942 1657 1191 1754 expeditionem
1208 1656 1397 1726 Parthicam

317 1770 431 1839 animo
448 1769 622 1863 cogitans3
643 1766 707 1856 ibi,
722 1766 805 1837 dum
826 1765 1022 1853 assedisset,
1037 1764 1205 1858 conjurati
1222 1788 1325 1852 eum,
1338 1762 1398 1833 suh

317 1889 482 1971 praetextu
503 1874 675 1969 obsequii,
695 1874 965 1943 circumsistunt:
977 1895 1083 1967 qturm
1095 1870 1236 1941 Cimber
1250 1869 1398 1958 Tullius,

318 1984 376 2076 qui
398 1984 525 2077 primas
546 1980 609 2051 sihi
630 1981 715 2050 tanti
737 1979 895 2049 facinoris
911 1993 1025 2074 partes
1040 1992 1286 2074 assumpserat,
1301 2000 1398 2047 accc·

317 2088 401 2159 dens
412 2090 526 2161 nescio
536 2085 618 2183 quid
628 2087 792 2181 poposcit.
806 2087 954 2181 Neganti
969 2087 1004 2155 in
1017 2109 1181 2181 praesens,
1194 2086 1297 2180 inque
1312 2082 1399 2153 aliud

318 2209 452 2290 tempus
474 2220 546 2268 rem
567 2193 741 2278 trahenti,
762 2193 805 2261 ah
827 2208 973 2288 utroque
990 2193 1134 2263 humero
1152 2206 1269 2288 togam
1289 2193 1397 2261 maui-

317 2300 382 2371 bus
396 2302 557 2396 arripuit3
578 2298 844 2388 exclamantem,
863 2306 935 2370 tcta
954 2299 1092 2396 quadem
1108 2304 1166 2370 vis
1176 2315 1249 2389 est,
1263 2299 1396 2369 Cassius

317 2405 407 2479 infra
429 2406 586 2503 jugulum
616 2406 780 2478 vulnerat
807 2408 922 2477 Caesar
946 2407 1054 2477 Cassii
1079 2407 1226 2503 pugione
1259 2422 1397 2505 erepto,

318 2515 523 2610 brachioque
546 2515 617 2611 ejus
639 2515 797 2612 trajecto,
820 2514 903 2584 dum
933 2528 1148 2611 assurgeret,
1173 2513 1240 2586 alio
1261 2514 1398 2586 vulnere

319 2637 506 2694 remoratus
528 2636 579 2694 est
588 2622 711 2716 ,quod
732 2647 839 2692 unum
861 2647 904 2692 ex
916 2622 1074 2692 omnihus
1093 2620 1192 2692 letale
1212 2620 1337 2692 medici
1354 2621 1397 2692 di·

318 2754 417 2819 xere3
439 2728 518 2818 sed,
531 2728 575 2798 ad
597 2752 700 2798 unam
718 2731 825 2798 vitam
843 2727 1043 2814 finiendam,
1062 2727 1129 2798 tale
1150 2727 1275 2799 vulnus
1294 2753 1397 2798 unum

320 2839 400 2908 satis
420 2853 481 2908 est.
509 2838 597 2905 Turn
616 2859 652 2905 se
674 2836 820 2931 undique
842 2835 886 2904 ah
903 2835 1059 2906 omnihus
1081 2836 1198 2908 stricto
1217 2836 1311 2906 ferro
1333 2835 1397 2932 peti

320 2943 437 3012 uidens
443 2967 581 3037 ,neque
594 2940 685 3012 soli
675 2957 764 3012 mter
779 2957 891 3012 tantos
905 2959 939 3013 et
955 2945 1075 3012 inermi
1066 2943 1274 3038 quidquam
1288 2941 1399 3014 auxilii

321 3073 392 3120 esse
416 2995 641 3142 iritelligens,
636 3051 808 3144 spiritum
830 3048 1023 3145 recollegit,
1041 3075 1084 3119 ne
1103 3050 1186 3144 quid
1202 3051 1397 3122 indecorum

321 3157 469 3226 moriens
486 3155 629 3244 diceret,
645 3170 704 3225 aut
720 3156 863 3245 faceret3
883 3181 994 3251 neque
1010 3158 1149 3227 omnino
1162 3156 1289 3253 aliquid
1302 3157 1398 3244 dixit3

322 3265 386 3335 uisi
406 3261 497 3358 qnod
515 3262 558 3332 ad
579 3264 727 3358 primum
747 3261 871 3333 uulnus
888 3287 1073 3358 parumper
1092 3264 1291 3354 infremuit,
1311 3261 1397 3333 nulla

322 3393 406 3440 voce
420 3385 533 3440 mmen
554 3371 690 3458 emissa;
712 3384 746 3439 et
767 3372 816 3438 M.
838 3372 944 3440 Bruto
960 3371 997 3438 in
1016 3395 1053 3439 se
1068 3372 1397 3460 irruenti,Graecum

322 3477 429 3550 fertur
449 3477 563 3550 nescio
580 3476 672 3572 quod
692 3477 795 3546 breve
815 3475 951 3566 didisse,
963 3476 1006 3546 de
1020 3501 1089 3572 quo
1105 3478 1275 3548 Caesarem
1292 3481 1397 3574 ipsum

323 3584 435 3656 dicere
457 3584 591 3656 solitum
613 3582 716 3654 refert
737 3583 879 3672 Cicero,
901 3582 1118 3679 epistolarum
1135 3585 1179 3653 ad
1196 3587 1347 3656 Atticum
1361 3583 1397 3652 li·

322 3691 386 3762 hro
397 3713 475 3781 x1v3
489 3693 620 3785 Magni
629 3689 740 3780 refert
748 3690 837 3784 quid
842 3691 900 3760 hic
912 3693 1014 3777 oelit5
1027 3691 1094 3761 sed
1106 3691 1279 3788 qualiquali
1288 3693 1393 3775 colet,

321 3798 430 3870 valde
452 3799 555 3868 volet.
578 3799 623 3866 Et
644 3798 716 3891 ipse
738 3796 875 3891 quidem
892 3799 929 3866 in
947 3813 1099 3870 extremo
1117 3814 1198 3895 toga
1216 3814 1322 3896 caput
1340 3797 1397 3869 oh

323 3906 435 3976 nubit:
448 3903 597 3998 levaque
612 3904 722 3974 sinum
738 3905 929 3974 vestimenti
945 3904 989 3974 ad
1007 3906 1182 3976 inferiores
1202 3922 1396 4004 partcsoor·

322 4013 414 4108 poris
436 4011 601 4099 extendit,
623 4036 691 4105 quc
709 4035 806 4082 casus
819 4025 907 4081 esset
924 4012 1106 4083 honestior.
1123 4015 1179 4084 Ita
1190 4012 1264 4104 ille,
1277 4016 1335 4110 qui
1348 4022 1398 4081 tot

324 4135 428 4190 terras
450 4120 597 4215 primum
608 4167 618 4205 ,
631 4133 709 4215 post
727 4119 765 4188 in
781 4118 867 4188 urbe
877 4121 988 4191 Roma
1000 4134 1167 4192 terrarum
1182 4122 1301 4193 orbem
1315 4121 1394 4190 mira
