3000 5025
303 438 374 507 DE
402 436 532 507 VITA
562 436 710 505 JULIl
738 434 986 505 CAESARIS.
1101 459 1169 507 121
1225 438 1233 449 '

71 619 77 647 t
123 594 231 642 utores
248 575 283 639 in
299 574 490 641 serrr'tutem
506 568 600 637 nabi
611 592 766 655 cernere,
784 583 1003 638 exarmatum
1015 568 1175 660 hostisu-

120 680 218 773 gulum
229 676 404 775 praebere,
425 692 462 745 et
472 677 547 744 alr'a
562 676 672 745 multu
680 680 781 771 pati,
795 698 892 769 quse,
908 674 1071 745 bellorum
1077 675 1176 767 Jitre,

121 790 191 853 oreti
205 808 228 854 a
246 782 433 855 autoribus
447 788 644 881 potiantur.
669 783 837 851 Persuasit
852 781 904 851 his
918 782 1045 870 verbis,
1059 783 1175 876 viginti

121 906 147 958 et
162 916 197 959 eo
218 889 359 985 amplius
388 888 511 983 oppida
539 912 606 957 una
637 887 710 958 luce
745 888 920 959 combusta
951 902 1045 977 sunt;
1066 914 1175 983 neque

42 1060 44 1075 ,
121 996 210 1066 solum
237 999 272 1064 in
298 996 421 1065 finibus
442 997 647 1090 Biturigum,
677 994 734 1063 sed
761 997 796 1064 in
816 993 970 1089 reliquis,
991 996 1055 1066 hac
1076 994 1175 1084 illac,

120 1128 301 1197 qrrocunque
322 1100 437 1171 oeulos
458 1101 627 1189 flecteres,
654 1101 807 1171 incendia
830 1102 1076 1190 cernebantur,
1104 1128 1174 1171 non

123 1211 177 1279 sine
197 1212 346 1278 omnium
368 1208 502 1296 dolore,
515 1232 615 1303 quem
637 1232 676 1277 ea
698 1234 773 1303 spes
794 1208 937 1297 lenibat,
952 1207 1060 1303 quod,
1078 1224 1177 1304 parta

120 1318 255 1404 victoria,
269 1318 336 1385 cito
358 1340 473 1384 omnes
494 1315 625 1410 perdita
650 1330 883 1385 restaurarent
904 1318 959 1385 De
979 1316 1124 1385 Avarico
1140 1317 1175 1383 in

94 1459 98 1465 ·
121 1422 243 1491 concilio
257 1425 420 1517 agitatum
436 1437 502 1511 est,
512 1427 560 1490 ''an
571 1422 703 1493 incendi
717 1422 814 1511 illud,
828 1448 871 1491 an
889 1424 1050 1494 intactum
1069 1421 1174 1516 linqui

120 1528 218 1598 melius
242 1530 338 1599 foret.
357 1530 539 1598 Enimvero
563 1528 606 1597 ad
631 1529 697 1598 hoc
724 1529 867 1598 verbum
892 1529 935 1598 a'd
955 1531 1173 1629 Vercingeto-

42 1640 44 1643 ’
119 1636 182 1729 rigis
193 1636 294 1731 pedes
310 1634 550 1729 Gallorumque
566 1637 732 1723 omniurn,
745 1638 804 1729 qui
820 1633 961 1718 concilio
976 1636 1174 1723 intererant,

118 1741 202 1811 affusi
216 1743 394 1837 Bituriges,
411 1742 635 1829 obtestantur,
646 1743 962 1840 nepudslrerrimum
979 1742 1173 1811 Galtumm

118 1849 281 1943 opprdum,
306 1848 411 1918 decus
427 1854 619 1945 provinciae
644 1852 869 1945 exurgente
890 1872 935 1917 ac
948 1848 1170 1944 praestator,

109 1953 249 2043 flammis
271 1961 446 2025 immemor
470 1956 647 2041 elebatum
669 1980 773 2049 quum
793 1955 936 2047 defend
940 1971 1066 2051 posset
1080 1956 1176 2048 heus

113 2084 188 2155 pene
213 2062 494 2159 inexpugnabilts
523 2078 673 2148 uatum,
704 2068 763 2132 αα·
784 2068 817 2131 si
840 2062 996 2153 defined)
1018 2059 1177 2131 mititare

118 2176 299 2259 accesserat,
332 2169 494 2239 maledici
513 2174 633 2265 possit
656 2192 727 2238 non
755 2174 880 2239 noceri.
912 2168 1098 2238 Movebant
1125 2168 1179 2237 hae

118 2297 216 2368 preces
246 2278 376 2345 animos
407 2289 628 2364 cunctorum,
654 2300 743 2345 unus
769 2277 1025 2371 Vercingetorix
1051 2276 1180 2345 cunctis

118 2376 273 2470 obstabat,
296 2384 354 2476 qui
374 2384 495 2476 etipse
516 2381 652 2450 tandem
668 2384 777 2451 victus
795 2382 1037 2470 misericordia,
1054 2384 1090 2449 in
1109 2407 1180 2451 sen·

117 2490 237 2560 tentiam
266 2504 465 2558 caeterorum
491 2489 630 2558 transiit.
660 2489 713 2559 Sic
740 2488 991 2577 defensoribus,
1014 2488 1182 2584 rebusque

117 2593 171 2666 aliis
190 2597 233 2664 ad
261 2595 446 2665 custodiam
477 2597 674 2690 opportunis
712 2621 753 2664 eo
783 2597 1001 2684 transmissis,
1030 2611 1184 2665 servatur

116 2702 279 2772 Avaricum
303 2727 323 2770 a
346 2699 521 2773 Gallorum
547 2702 713 2788 llammis,
743 2701 801 2770 sed
830 2726 900 2769 uon
931 2700 972 2769 ab
1007 2701 1181 2797 obsidione

116 2808 356 2880 Romanorum:
380 2810 414 2877 in
436 2833 502 2903 qua
526 2808 660 2903 quidem
683 2807 909 2876 obsidentium
936 2807 1033 2876 fortis
1057 2823 1091 2877 et
1111 2809 1181 2886 ani·

116 2938 192 2986 mosa
214 2916 393 2986 tolerantia
414 2915 557 2984 emicuit.
579 2917 694 3004 Quum
716 2916 804 2982 enim
823 2915 902 2983 hinc
923 2914 1179 3010 Vercingetorix

117 3037 207 3092 castra
229 3025 368 3120 propius
391 3021 610 3109 admovisset,
631 3035 665 3089 et
682 3021 725 3088 ab
744 3019 1011 3116 exploratoribus
1032 3047 1093 3117 per
1113 3023 1179 3091 sin-

42 3157 44 3184 i
117 3129 194 3220 gulas
215 3130 316 3199 horas
339 3129 419 3223 quid
440 3131 488 3196 inv
503 3129 650 3197 romanis
673 3129 790 3198 castris
820 3142 990 3222 ageretur,
1018 3128 1180 3218 edoctus,

117 3258 200 3306 omne
221 3239 286 3305 iter
306 3261 424 3306 eorum
449 3234 665 3322 observaret,
687 3249 721 3303 et
742 3237 936 3323 Romanos,
957 3237 1084 3304 circum
1106 3260 1178 3304 om·

117 3341 198 3413 niltus
222 3345 363 3429 exustis,
392 3354 532 3436 urgente
559 3341 779 3429 necessitate,
806 3339 938 3435 longius
960 3340 1177 3436 pabulantes,

117 3449 224 3519 crebris
241 3449 463 3521 incommodis
477 3471 517 3517 ac
534 3447 665 3517 damnis
680 3447 853 3536 afficeret,
869 3445 959 3517 illinc
977 3472 1060 3516 vero
1075 3448 1175 3516 AEdui

117 3574 147 3622 ao
162 3558 245 3643 Boii,
267 3555 388 3650 quibus
408 3579 448 3625 ea
464 3577 543 3626 eura
558 3553 715 3624 mandata
730 3569 820 3642 erat,
832 3549 900 3644 (illi
919 3554 1053 3648 quidem
1066 3555 1175 3648 quod,

117 3675 227 3731 nauto
248 3686 328 3758 erga
349 3664 519 3732 Romanos
545 3663 674 3750 animo,
702 3685 771 3730 non
797 3660 978 3748 curabant,
1005 3661 1059 3748 hi,
1083 3661 1174 3755 quod
1205 3727 1207 3731 .

117 3785 219 3856 parum
242 3763 437 3865 poterant,)
460 3793 531 3837 rem
560 3791 734 3837 romanam
762 3766 907 3862 maligne
932 3767 1173 3838 commeatibus

42 3865 43 3870 ¹
118 3870 313 3964 adjuvarent3
340 3875 383 3943 ad
413 3889 539 3944 tantam
567 3877 741 3970 penuriam
765 3874 945 3962 devenere,
975 3887 1032 3962 ut,
1056 3873 1172 3945 diebus

116 3973 249 4066 plurimis
266 3982 434 4052 frumento
457 3996 624 4069 carentes,
648 3983 739 4050 tenui
757 4005 879 4076 pecore
899 3982 955 4048 vix
981 3981 1171 4074 proferrent
1290 4028 1293 4035 -

117 4079 293 4160 imbecillem
315 4090 488 4183 spiritum,
516 4113 688 4183 uunquam
709 4101 821 4158 umen
853 4086 1170 4184 abeppugnatione
