<?xml version="1.0" encoding="UTF-8"?>
<!DOCTYPE html PUBLIC "-//W3C//DTD XHTML 1.0 Transitional//EN"
    "http://www.w3.org/TR/xhtml1/DTD/xhtml1-transitional.dtd">
<html xmlns="http://www.w3.org/1999/xhtml" xml:lang="en" lang="en">
 <head>
  <title>
</title>
<meta http-equiv="Content-Type" content="text/html;charset=utf-8" />
  <meta name='ocr-system' content='tesseract 3.04.00' />
  <meta name='ocr-capabilities' content='ocr_page ocr_carea ocr_par ocr_line ocrx_word'/>
</head>
<body>
  <div class='ocr_page' id='page_1' title='image "./caiusjuliuscsar00unkngoog_0127.png"; bbox 0 0 3000 5025; ppageno 0'>
   <div class='ocr_carea' id='block_1_1' title="bbox 296 462 1152 561">
    <p class='ocr_par' dir='ltr' id='par_1_1' title="bbox 296 462 1152 561">
     <span class='ocr_line' id='line_1_1' title="bbox 296 462 1152 561; baseline -0.008 -25"><span class='ocrx_word' id='word_1_1' title='bbox 296 464 346 561; x_wconf 78' lang='lat'>9⁸</span> <span class='ocrx_word' id='word_1_2' title='bbox 513 466 542 531; x_wconf 86' lang='lat' dir='ltr'>J.</span> <span class='ocrx_word' id='word_1_3' title='bbox 571 463 732 533; x_wconf 78' lang='lat' dir='ltr'>cntsi</span> <span class='ocrx_word' id='word_1_4' title='bbox 761 462 1152 532; x_wconf 78' lang='lat' dir='ltr'>conunnrmn</span> 
     </span>
    </p>
   </div>
   <div class='ocr_carea' id='block_1_2' title="bbox 292 593 1382 1761">
    <p class='ocr_par' dir='ltr' id='par_1_2' title="bbox 292 593 1382 1761">
     <span class='ocr_line' id='line_1_2' title="bbox 293 593 1382 689; baseline -0.004 -21"><span class='ocrx_word' id='word_1_5' title='bbox 293 612 459 668; x_wconf 88' lang='lat' dir='ltr'>terrarum</span> <span class='ocrx_word' id='word_1_6' title='bbox 473 618 512 665; x_wconf 91' lang='lat' dir='ltr'>ac</span> <span class='ocrx_word' id='word_1_7' title='bbox 531 593 706 689; x_wconf 83' lang='lat' dir='ltr'>paludibus</span> <span class='ocrx_word' id='word_1_8' title='bbox 720 607 899 665; x_wconf 85' lang='lat' dir='ltr'>vetaretur.</span> <span class='ocrx_word' id='word_1_9' title='bbox 918 596 1040 688; x_wconf 87' lang='lat' dir='ltr'>Coepto</span> <span class='ocrx_word' id='word_1_10' title='bbox 1053 594 1165 688; x_wconf 88' lang='lat' dir='ltr'>itaque</span> <span class='ocrx_word' id='word_1_11' title='bbox 1177 616 1382 688; x_wconf 83' lang='lat' dir='ltr'>progressus</span> 
     </span>
     <span class='ocr_line' id='line_1_3' title="bbox 293 699 1377 790; baseline -0.005 -16"><span class='ocrx_word' id='word_1_12' title='bbox 293 706 432 790; x_wconf 85' lang='lat' dir='ltr'>itinere,</span> <span class='ocrx_word' id='word_1_13' title='bbox 448 700 567 771; x_wconf 88' lang='lat' dir='ltr'>eodem</span> <span class='ocrx_word' id='word_1_14' title='bbox 585 702 656 790; x_wconf 88' lang='lat' dir='ltr'>die,</span> <span class='ocrx_word' id='word_1_15' title='bbox 674 701 773 772; x_wconf 87' lang='lat' dir='ltr'>salvis</span> <span class='ocrx_word' id='word_1_16' title='bbox 796 703 863 771; x_wconf 92' lang='lat' dir='ltr'>suis</span> <span class='ocrx_word' id='word_1_17' title='bbox 881 699 1051 788; x_wconf 91' lang='lat' dir='ltr'>omnibus,</span> <span class='ocrx_word' id='word_1_18' title='bbox 1070 699 1113 768; x_wconf 91' lang='lat' dir='ltr'>ad</span> <span class='ocrx_word' id='word_1_19' title='bbox 1132 701 1303 770; x_wconf 86' lang='lat' dir='ltr'>Ciceronis</span> <span class='ocrx_word' id='word_1_20' title='bbox 1321 700 1377 769; x_wconf 88' lang='lat' dir='ltr'>bi·</span> 
     </span>
     <span class='ocr_line' id='line_1_4' title="bbox 293 809 1380 905; baseline -0.003 -26"><span class='ocrx_word' id='word_1_21' title='bbox 293 810 399 881; x_wconf 87' lang='lat' dir='ltr'>berna</span> <span class='ocrx_word' id='word_1_22' title='bbox 417 809 578 905; x_wconf 87' lang='lat' dir='ltr'>pervenit.</span> <span class='ocrx_word' id='word_1_23' title='bbox 598 810 722 880; x_wconf 90' lang='lat' dir='ltr'>Turres</span> <span class='ocrx_word' id='word_1_24' title='bbox 740 833 823 904; x_wconf 89' lang='lat' dir='ltr'>quas</span> <span class='ocrx_word' id='word_1_25' title='bbox 842 810 877 878; x_wconf 95' lang='lat' dir='ltr'>in</span> <span class='ocrx_word' id='word_1_26' title='bbox 899 809 1040 878; x_wconf 89' lang='lat' dir='ltr'>circuitu</span> <span class='ocrx_word' id='word_1_27' title='bbox 1063 820 1251 895; x_wconf 82' lang='lat' dir='ltr'>erexerant,</span> <span class='ocrx_word' id='word_1_28' title='bbox 1272 821 1380 901; x_wconf 83' lang='lat' dir='ltr'>atque</span> 
     </span>
     <span class='ocr_line' id='line_1_5' title="bbox 294 912 1381 1012; baseline -0.003 -25"><span class='ocrx_word' id='word_1_29' title='bbox 294 941 397 1012; x_wconf 91' lang='lat' dir='ltr'>opera</span> <span class='ocrx_word' id='word_1_30' title='bbox 415 916 562 985; x_wconf 90' lang='lat' dir='ltr'>bostium</span> <span class='ocrx_word' id='word_1_31' title='bbox 583 916 740 1005; x_wconf 84' lang='lat' dir='ltr'>miratus,</span> <span class='ocrx_word' id='word_1_32' title='bbox 757 917 996 1010; x_wconf 85' lang='lat' dir='ltr'>inveniensque</span> <span class='ocrx_word' id='word_1_33' title='bbox 1014 940 1033 984; x_wconf 93' lang='lat' dir='ltr'>e</span> <span class='ocrx_word' id='word_1_34' title='bbox 1054 912 1211 984; x_wconf 84' lang='lat' dir='ltr'>militibus</span> <span class='ocrx_word' id='word_1_35' title='bbox 1234 912 1381 1009; x_wconf 83' lang='lat' dir='ltr'>legionis</span> 
     </span>
     <span class='ocr_line' id='line_1_6' title="bbox 293 1018 1380 1120; baseline -0.002 -28"><span class='ocrx_word' id='word_1_36' title='bbox 293 1018 379 1093; x_wconf 91' lang='lat' dir='ltr'>illius</span> <span class='ocrx_word' id='word_1_37' title='bbox 398 1024 454 1091; x_wconf 85' lang='lat' dir='ltr'>vix</span> <span class='ocrx_word' id='word_1_38' title='bbox 469 1022 637 1092; x_wconf 89' lang='lat' dir='ltr'>decimum</span> <span class='ocrx_word' id='word_1_39' title='bbox 655 1048 821 1120; x_wconf 88' lang='lat' dir='ltr'>quemque</span> <span class='ocrx_word' id='word_1_40' title='bbox 840 1024 910 1093; x_wconf 90' lang='lat' dir='ltr'>sinc</span> <span class='ocrx_word' id='word_1_41' title='bbox 929 1020 1082 1109; x_wconf 86' lang='lat' dir='ltr'>vulnere,</span> <span class='ocrx_word' id='word_1_42' title='bbox 1093 1035 1219 1116; x_wconf 81' lang='lat' dir='ltr'>qrmnta</span> <span class='ocrx_word' id='word_1_43' title='bbox 1233 1020 1280 1089; x_wconf 92' lang='lat' dir='ltr'>ibi</span> <span class='ocrx_word' id='word_1_44' title='bbox 1295 1046 1380 1090; x_wconf 90' lang='lat' dir='ltr'>cum</span> 
     </span>
     <span class='ocr_line' id='line_1_7' title="bbox 294 1127 1379 1225; baseline -0.002 -26"><span class='ocrx_word' id='word_1_45' title='bbox 294 1130 416 1199; x_wconf 86' lang='lat' dir='ltr'>virtute</span> <span class='ocrx_word' id='word_1_46' title='bbox 437 1152 491 1199; x_wconf 87' lang='lat' dir='ltr'>res</span> <span class='ocrx_word' id='word_1_47' title='bbox 511 1144 604 1224; x_wconf 88' lang='lat' dir='ltr'>gesta</span> <span class='ocrx_word' id='word_1_48' title='bbox 626 1142 713 1201; x_wconf 83' lang='lat' dir='ltr'>esset</span> <span class='ocrx_word' id='word_1_49' title='bbox 730 1132 883 1225; x_wconf 85' lang='lat' dir='ltr'>agnovit,</span> <span class='ocrx_word' id='word_1_50' title='bbox 895 1144 929 1199; x_wconf 93' lang='lat' dir='ltr'>et</span> <span class='ocrx_word' id='word_1_51' title='bbox 940 1131 1138 1200; x_wconf 86' lang='lat' dir='ltr'>Ciceronem</span> <span class='ocrx_word' id='word_1_52' title='bbox 1156 1142 1191 1197; x_wconf 90' lang='lat' dir='ltr'>et</span> <span class='ocrx_word' id='word_1_53' title='bbox 1208 1127 1379 1223; x_wconf 80' lang='lat' dir='ltr'>legionem</span> 
     </span>
     <span class='ocr_line' id='line_1_8' title="bbox 293 1235 1380 1331; baseline -0.004 -24"><span class='ocrx_word' id='word_1_54' title='bbox 293 1261 375 1331; x_wconf 91' lang='lat' dir='ltr'>ergo</span> <span class='ocrx_word' id='word_1_55' title='bbox 393 1236 501 1331; x_wconf 84' lang='lat' dir='ltr'>dignis</span> <span class='ocrx_word' id='word_1_56' title='bbox 515 1235 667 1319; x_wconf 82' lang='lat' dir='ltr'>laudibus</span> <span class='ocrx_word' id='word_1_57' title='bbox 683 1237 874 1326; x_wconf 84' lang='lat' dir='ltr'>celebrans,</span> <span class='ocrx_word' id='word_1_58' title='bbox 892 1238 1103 1306; x_wconf 89' lang='lat' dir='ltr'>c&#39;enturiones</span> <span class='ocrx_word' id='word_1_59' title='bbox 1121 1235 1320 1303; x_wconf 89' lang='lat' dir='ltr'>nominatim</span> <span class='ocrx_word' id='word_1_60' title='bbox 1342 1247 1380 1303; x_wconf 91' lang='lat' dir='ltr'>et</span> 
     </span>
     <span class='ocr_line' id='line_1_9' title="bbox 292 1341 1378 1441; baseline -0.004 -27"><span class='ocrx_word' id='word_1_61' title='bbox 292 1343 445 1414; x_wconf 88' lang='lat' dir='ltr'>tribunos</span> <span class='ocrx_word' id='word_1_62' title='bbox 466 1341 626 1441; x_wconf 87' lang='lat' dir='ltr'>militum,</span> <span class='ocrx_word' id='word_1_63' title='bbox 647 1357 687 1412; x_wconf 90' lang='lat' dir='ltr'>ut</span> <span class='ocrx_word' id='word_1_64' title='bbox 711 1344 875 1439; x_wconf 87' lang='lat' dir='ltr'>cujusque</span> <span class='ocrx_word' id='word_1_65' title='bbox 893 1345 999 1422; x_wconf 79' lang='lat' dir='ltr'>virtus</span> <span class='ocrx_word' id='word_1_66' title='bbox 1017 1358 1116 1438; x_wconf 90' lang='lat' dir='ltr'>atque</span> <span class='ocrx_word' id='word_1_67' title='bbox 1134 1344 1285 1437; x_wconf 83' lang='lat' dir='ltr'>operatio</span> <span class='ocrx_word' id='word_1_68' title='bbox 1304 1364 1378 1410; x_wconf 90' lang='lat' dir='ltr'>me·</span> 
     </span>
     <span class='ocr_line' id='line_1_10' title="bbox 292 1446 1378 1539; baseline -0.003 -20"><span class='ocrx_word' id='word_1_69' title='bbox 292 1450 463 1527; x_wconf 81' lang='lat' dir='ltr'>rebantur.</span> <span class='ocrx_word' id='word_1_70' title='bbox 494 1452 634 1525; x_wconf 86' lang='lat' dir='ltr'>Postero</span> <span class='ocrx_word' id='word_1_71' title='bbox 662 1449 736 1539; x_wconf 90' lang='lat' dir='ltr'>die,</span> <span class='ocrx_word' id='word_1_72' title='bbox 764 1452 927 1521; x_wconf 86' lang='lat' dir='ltr'>concione</span> <span class='ocrx_word' id='word_1_73' title='bbox 956 1450 1139 1537; x_wconf 89' lang='lat' dir='ltr'>advocata,</span> <span class='ocrx_word' id='word_1_74' title='bbox 1161 1446 1378 1520; x_wconf 84' lang='lat' dir='ltr'>confirmavit</span> 
     </span>
     <span class='ocr_line' id='line_1_11' title="bbox 293 1553 1379 1654; baseline -0.002 -27"><span class='ocrx_word' id='word_1_75' title='bbox 293 1559 431 1627; x_wconf 88' lang='lat' dir='ltr'>suorum</span> <span class='ocrx_word' id='word_1_76' title='bbox 450 1557 600 1645; x_wconf 90' lang='lat' dir='ltr'>animos,</span> <span class='ocrx_word' id='word_1_77' title='bbox 621 1554 813 1654; x_wconf 87' lang='lat' dir='ltr'>solaturque</span> <span class='ocrx_word' id='word_1_78' title='bbox 840 1581 942 1654; x_wconf 89' lang='lat' dir='ltr'>super</span> <span class='ocrx_word' id='word_1_79' title='bbox 965 1556 1107 1644; x_wconf 89' lang='lat' dir='ltr'>damno,</span> <span class='ocrx_word' id='word_1_80' title='bbox 1129 1554 1246 1626; x_wconf 87' lang='lat' dir='ltr'>fraude</span> <span class='ocrx_word' id='word_1_81' title='bbox 1268 1553 1379 1625; x_wconf 85' lang='lat' dir='ltr'>hostis</span> 
     </span>
     <span class='ocr_line' id='line_1_12' title="bbox 292 1660 1378 1761; baseline -0.004 -26"><span class='ocrx_word' id='word_1_82' title='bbox 292 1679 326 1735; x_wconf 86' lang='lat' dir='ltr'>et</span> <span class='ocrx_word' id='word_1_83' title='bbox 348 1663 448 1759; x_wconf 91' lang='lat' dir='ltr'>legati</span> <span class='ocrx_word' id='word_1_84' title='bbox 466 1663 652 1733; x_wconf 79' lang='lat' dir='ltr'>temeritate</span> <span class='ocrx_word' id='word_1_85' title='bbox 674 1679 852 1761; x_wconf 87' lang='lat' dir='ltr'>suscepto:</span> <span class='ocrx_word' id='word_1_86' title='bbox 875 1664 1054 1734; x_wconf 90' lang='lat' dir='ltr'>ostendens</span> <span class='ocrx_word' id='word_1_87' title='bbox 1072 1660 1220 1732; x_wconf 89' lang='lat' dir='ltr'>coelitum</span> <span class='ocrx_word' id='word_1_88' title='bbox 1240 1660 1378 1750; x_wconf 88' lang='lat' dir='ltr'>favore,</span> 
     </span>
    </p>
   </div>
   <div class='ocr_carea' id='block_1_3' title="bbox 182 1769 1376 1867">
    <p class='ocr_par' dir='ltr' id='par_1_3' title="bbox 182 1769 1376 1867">
     <span class='ocr_line' id='line_1_13' title="bbox 182 1769 1376 1867; baseline -0.001 -27"><span class='ocrx_word' id='word_1_89' title='bbox 182 1800 206 1856; x_wconf 63' lang='lat' dir='ltr'>j</span> <span class='ocrx_word' id='word_1_90' title='bbox 293 1785 327 1840; x_wconf 89' lang='lat' dir='ltr'>et</span> <span class='ocrx_word' id='word_1_91' title='bbox 348 1771 471 1840; x_wconf 85' lang='lat' dir='ltr'>virtute</span> <span class='ocrx_word' id='word_1_92' title='bbox 496 1769 656 1858; x_wconf 87' lang='lat' dir='ltr'>militurn,</span> <span class='ocrx_word' id='word_1_93' title='bbox 683 1770 770 1841; x_wconf 91' lang='lat' dir='ltr'>illius</span> <span class='ocrx_word' id='word_1_94' title='bbox 792 1769 886 1841; x_wconf 85' lang='lat' dir='ltr'>malis</span> <span class='ocrx_word' id='word_1_95' title='bbox 910 1772 1037 1840; x_wconf 89' lang='lat' dir='ltr'>artibus</span> <span class='ocrx_word' id='word_1_96' title='bbox 1058 1770 1202 1867; x_wconf 79' lang='lat' dir='ltr'>quaesitae</span> <span class='ocrx_word' id='word_1_97' title='bbox 1224 1769 1376 1839; x_wconf 70' lang='lat' dir='ltr'>victorie</span> 
     </span>
    </p>
   </div>
   <div class='ocr_carea' id='block_1_4' title="bbox 292 1875 1378 1977">
    <p class='ocr_par' dir='ltr' id='par_1_4' title="bbox 292 1875 1378 1977">
     <span class='ocr_line' id='line_1_14' title="bbox 292 1875 1378 1977; baseline -0.001 -31"><span class='ocrx_word' id='word_1_98' title='bbox 292 1876 383 1946; x_wconf 88' lang='lat' dir='ltr'>baud</span> <span class='ocrx_word' id='word_1_99' title='bbox 404 1875 590 1971; x_wconf 75' lang='lat' dir='ltr'>longaevam</span> <span class='ocrx_word' id='word_1_100' title='bbox 609 1876 710 1947; x_wconf 84' lang='lat' dir='ltr'>fuisse</span> <span class='ocrx_word' id='word_1_101' title='bbox 731 1877 894 1965; x_wconf 80' lang='lat' dir='ltr'>laetitiem3</span> <span class='ocrx_word' id='word_1_102' title='bbox 916 1900 1123 1977; x_wconf 85' lang='lat' dir='ltr'>consequens</span> <span class='ocrx_word' id='word_1_103' title='bbox 1144 1900 1234 1963; x_wconf 90' lang='lat' dir='ltr'>esse,</span> <span class='ocrx_word' id='word_1_104' title='bbox 1255 1889 1294 1944; x_wconf 89' lang='lat' dir='ltr'>ut</span> <span class='ocrx_word' id='word_1_105' title='bbox 1312 1899 1378 1945; x_wconf 89' lang='lat' dir='ltr'>nec</span> 
     </span>
    </p>
   </div>
   <div class='ocr_carea' id='block_1_5' title="bbox 291 1981 1486 2188">
    <p class='ocr_par' dir='ltr' id='par_1_5' title="bbox 291 1981 1486 2188">
     <span class='ocr_line' id='line_1_15' title="bbox 292 1981 1485 2079; baseline -0.001 -26"><span class='ocrx_word' id='word_1_106' title='bbox 292 1985 339 2053; x_wconf 89' lang='lat' dir='ltr'>eis</span> <span class='ocrx_word' id='word_1_107' title='bbox 353 1982 542 2053; x_wconf 87' lang='lat' dir='ltr'>diuturnior</span> <span class='ocrx_word' id='word_1_108' title='bbox 560 1982 658 2052; x_wconf 91' lang='lat' dir='ltr'>dolor</span> <span class='ocrx_word' id='word_1_109' title='bbox 673 1985 724 2053; x_wconf 88' lang='lat' dir='ltr'>sit</span> <span class='ocrx_word' id='word_1_110' title='bbox 740 1985 850 2079; x_wconf 88' lang='lat' dir='ltr'>Hujus</span> <span class='ocrx_word' id='word_1_111' title='bbox 865 1984 955 2055; x_wconf 86' lang='lat' dir='ltr'>fama</span> <span class='ocrx_word' id='word_1_112' title='bbox 965 1985 1115 2053; x_wconf 70' lang='lat' dir='ltr'>victoriae</span> <span class='ocrx_word' id='word_1_113' title='bbox 1127 1982 1171 2051; x_wconf 87' lang='lat' dir='ltr'>ad</span> <span class='ocrx_word' id='word_1_114' title='bbox 1185 1981 1379 2052; x_wconf 73' lang='lat' dir='ltr'>labienum</span> <span class='ocrx_word' id='word_1_115' title='bbox 1484 2057 1485 2060; x_wconf 49' lang='lat'>,</span> 
     </span>
     <span class='ocr_line' id='line_1_16' title="bbox 291 2088 1486 2188; baseline -0.002 -29"><span class='ocrx_word' id='word_1_116' title='bbox 291 2104 385 2159; x_wconf 89' lang='lat' dir='ltr'>tanta</span> <span class='ocrx_word' id='word_1_117' title='bbox 405 2088 582 2159; x_wconf 81' lang='lat' dir='ltr'>velocitate</span> <span class='ocrx_word' id='word_1_118' title='bbox 605 2088 734 2188; x_wconf 87' lang='lat' dir='ltr'>perlata</span> <span class='ocrx_word' id='word_1_119' title='bbox 759 2106 828 2180; x_wconf 89' lang='lat' dir='ltr'>est,</span> <span class='ocrx_word' id='word_1_120' title='bbox 850 2091 941 2186; x_wconf 92' lang='lat' dir='ltr'>quod</span> <span class='ocrx_word' id='word_1_121' title='bbox 964 2116 1069 2186; x_wconf 91' lang='lat' dir='ltr'>quum</span> <span class='ocrx_word' id='word_1_122' title='bbox 1091 2091 1176 2159; x_wconf 87' lang='lat' dir='ltr'>bora</span> <span class='ocrx_word' id='word_1_123' title='bbox 1193 2088 1258 2158; x_wconf 89' lang='lat' dir='ltr'>diei</span> <span class='ocrx_word' id='word_1_124' title='bbox 1277 2113 1378 2183; x_wconf 64' lang='lat' dir='ltr'>,nona</span> <span class='ocrx_word' id='word_1_125' title='bbox 1483 2153 1486 2188; x_wconf 52' lang='lat'>,</span> 
     </span>
    </p>
   </div>
   <div class='ocr_carea' id='block_1_6' title="bbox 290 2196 1377 2293">
    <p class='ocr_par' dir='ltr' id='par_1_6' title="bbox 290 2196 1377 2293">
     <span class='ocr_line' id='line_1_17' title="bbox 290 2196 1377 2293; baseline 0 -28"><span class='ocrx_word' id='word_1_126' title='bbox 290 2210 478 2293; x_wconf 86' lang='lat' dir='ltr'>pugnatum</span> <span class='ocrx_word' id='word_1_127' title='bbox 497 2210 599 2284; x_wconf 89' lang='lat' dir='ltr'>esset,</span> <span class='ocrx_word' id='word_1_128' title='bbox 617 2210 695 2267; x_wconf 88' lang='lat' dir='ltr'>ante</span> <span class='ocrx_word' id='word_1_129' title='bbox 713 2197 858 2269; x_wconf 89' lang='lat' dir='ltr'>mediam</span> <span class='ocrx_word' id='word_1_130' title='bbox 877 2214 1027 2288; x_wconf 89' lang='lat' dir='ltr'>noctem,</span> <span class='ocrx_word' id='word_1_131' title='bbox 1046 2197 1169 2267; x_wconf 87' lang='lat' dir='ltr'>Rhemi</span> <span class='ocrx_word' id='word_1_132' title='bbox 1186 2196 1229 2266; x_wconf 90' lang='lat' dir='ltr'>ad</span> <span class='ocrx_word' id='word_1_133' title='bbox 1246 2209 1377 2265; x_wconf 86' lang='lat' dir='ltr'>castro·</span> 
     </span>
    </p>
   </div>
   <div class='ocr_carea' id='block_1_7' title="bbox 288 2302 1485 2504">
    <p class='ocr_par' dir='ltr' id='par_1_7' title="bbox 288 2302 1485 2504">
     <span class='ocr_line' id='line_1_18' title="bbox 291 2302 1485 2404; baseline 0.001 -32"><span class='ocrx_word' id='word_1_134' title='bbox 291 2329 368 2372; x_wconf 87' lang='lat' dir='ltr'>rum</span> <span class='ocrx_word' id='word_1_135' title='bbox 388 2316 522 2399; x_wconf 91' lang='lat' dir='ltr'>portas,</span> <span class='ocrx_word' id='word_1_136' title='bbox 554 2327 628 2398; x_wconf 85' lang='lat' dir='ltr'>quae</span> <span class='ocrx_word' id='word_1_137' title='bbox 659 2306 831 2401; x_wconf 76' lang='lat' dir='ltr'>sexaginta</span> <span class='ocrx_word' id='word_1_138' title='bbox 857 2330 1016 2401; x_wconf 87' lang='lat' dir='ltr'>passuum</span> <span class='ocrx_word' id='word_1_139' title='bbox 1045 2303 1191 2374; x_wconf 86' lang='lat' dir='ltr'>millibus</span> <span class='ocrx_word' id='word_1_140' title='bbox 1211 2302 1378 2393; x_wconf 89' lang='lat' dir='ltr'>aberant,</span> <span class='ocrx_word' id='word_1_141' title='bbox 1483 2344 1485 2404; x_wconf 58' lang='lat'>3</span> 
     </span>
     <span class='ocr_line' id='line_1_19' title="bbox 288 2408 1485 2504; baseline 0.002 -27"><span class='ocrx_word' id='word_1_142' title='bbox 288 2408 468 2504; x_wconf 87' lang='lat' dir='ltr'>jubilantes</span> <span class='ocrx_word' id='word_1_143' title='bbox 490 2410 608 2479; x_wconf 87' lang='lat' dir='ltr'>vicisse</span> <span class='ocrx_word' id='word_1_144' title='bbox 627 2412 794 2481; x_wconf 84' lang='lat' dir='ltr'>Caesarem</span> <span class='ocrx_word' id='word_1_145' title='bbox 812 2415 1015 2500; x_wconf 86' lang='lat' dir='ltr'>nuntiarent.</span> <span class='ocrx_word' id='word_1_146' title='bbox 1036 2411 1166 2500; x_wconf 88' lang='lat' dir='ltr'>Quare</span> <span class='ocrx_word' id='word_1_147' title='bbox 1183 2408 1282 2481; x_wconf 86' lang='lat' dir='ltr'>latius</span> <span class='ocrx_word' id='word_1_148' title='bbox 1299 2410 1377 2479; x_wconf 87' lang='lat' dir='ltr'>vul·</span> <span class='ocrx_word' id='word_1_149' title='bbox 1484 2479 1485 2490; x_wconf 62' lang='grc'>,</span> 
     </span>
    </p>
   </div>
   <div class='ocr_carea' id='block_1_8' title="bbox 292 2499 1485 2832">
    <p class='ocr_par' dir='ltr' id='par_1_8' title="bbox 292 2499 1485 2832">
     <span class='ocr_line' id='line_1_20' title="bbox 293 2499 1484 2616; baseline 0.003 -30"><span class='ocrx_word' id='word_1_150' title='bbox 293 2530 388 2612; x_wconf 88' lang='lat' dir='ltr'>gata,</span> <span class='ocrx_word' id='word_1_151' title='bbox 406 2515 676 2606; x_wconf 87' lang='lat' dir='ltr'>Induciomarus,</span> <span class='ocrx_word' id='word_1_152' title='bbox 698 2520 754 2590; x_wconf 93' lang='lat' dir='ltr'>cui</span> <span class='ocrx_word' id='word_1_153' title='bbox 771 2522 885 2590; x_wconf 87' lang='lat' dir='ltr'>omnia</span> <span class='ocrx_word' id='word_1_154' title='bbox 901 2535 1011 2600; x_wconf 86' lang='lat' dir='ltr'>castra</span> <span class='ocrx_word' id='word_1_155' title='bbox 1035 2519 1176 2590; x_wconf 89' lang='lat' dir='ltr'>Labieni</span> <span class='ocrx_word' id='word_1_156' title='bbox 1198 2520 1233 2616; x_wconf 87' lang='lat' dir='ltr'>in</span> <span class='ocrx_word' id='word_1_157' title='bbox 1257 2520 1377 2588; x_wconf 88' lang='lat' dir='ltr'>crasti-</span> <span class='ocrx_word' id='word_1_158' title='bbox 1482 2499 1484 2515; x_wconf 51' lang='lat'>¹</span> 
     </span>
     <span class='ocr_line' id='line_1_21' title="bbox 292 2617 1485 2721; baseline 0.003 -27"><span class='ocrx_word' id='word_1_159' title='bbox 292 2648 375 2694; x_wconf 90' lang='lat' dir='ltr'>num</span> <span class='ocrx_word' id='word_1_160' title='bbox 393 2622 515 2692; x_wconf 87' lang='lat' dir='ltr'>adoriri</span> <span class='ocrx_word' id='word_1_161' title='bbox 534 2626 744 2721; x_wconf 91' lang='lat' dir='ltr'>propositum</span> <span class='ocrx_word' id='word_1_162' title='bbox 769 2641 862 2716; x_wconf 91' lang='lat' dir='ltr'>erat,</span> <span class='ocrx_word' id='word_1_163' title='bbox 884 2651 963 2696; x_wconf 89' lang='lat' dir='ltr'>cum</span> <span class='ocrx_word' id='word_1_164' title='bbox 988 2625 1143 2711; x_wconf 87' lang='lat' dir='ltr'>omnibus</span> <span class='ocrx_word' id='word_1_165' title='bbox 1171 2626 1238 2696; x_wconf 90' lang='lat' dir='ltr'>suis</span> <span class='ocrx_word' id='word_1_166' title='bbox 1268 2640 1378 2700; x_wconf 85' lang='lat' dir='ltr'>noctu</span> <span class='ocrx_word' id='word_1_167' title='bbox 1482 2617 1485 2699; x_wconf 50' lang='grc' dir='ltr'>Ῐ</span> 
     </span>
     <span class='ocr_line' id='line_1_22' title="bbox 293 2726 1484 2832; baseline 0.004 -32"><span class='ocrx_word' id='word_1_168' title='bbox 293 2726 392 2818; x_wconf 89' lang='lat' dir='ltr'>abiit,</span> <span class='ocrx_word' id='word_1_169' title='bbox 412 2730 635 2828; x_wconf 87' lang='lat' dir='ltr'>Trevirosque</span> <span class='ocrx_word' id='word_1_170' title='bbox 662 2734 803 2832; x_wconf 88' lang='lat' dir='ltr'>repetiit.</span> <span class='ocrx_word' id='word_1_171' title='bbox 828 2736 942 2817; x_wconf 85' lang='lat' dir='ltr'>Caesar</span> <span class='ocrx_word' id='word_1_172' title='bbox 967 2735 1002 2802; x_wconf 90' lang='lat' dir='ltr'>in</span> <span class='ocrx_word' id='word_1_173' title='bbox 1028 2733 1168 2803; x_wconf 91' lang='lat' dir='ltr'>hiberna</span> <span class='ocrx_word' id='word_1_174' title='bbox 1190 2731 1378 2823; x_wconf 84' lang='lat' dir='ltr'>concessit,</span> <span class='ocrx_word' id='word_1_175' title='bbox 1482 2800 1484 2805; x_wconf 79' lang='grc'>,</span> 
     </span>
    </p>
   </div>
   <div class='ocr_carea' id='block_1_9' title="bbox 290 2835 1484 2938">
    <p class='ocr_par' dir='ltr' id='par_1_9' title="bbox 290 2835 1484 2938">
     <span class='ocr_line' id='line_1_23' title="bbox 290 2835 1484 2938; baseline 0.005 -33"><span class='ocrx_word' id='word_1_176' title='bbox 290 2835 420 2906; x_wconf 90' lang='lat' dir='ltr'>nullum</span> <span class='ocrx_word' id='word_1_177' title='bbox 441 2837 477 2905; x_wconf 92' lang='lat' dir='ltr'>in</span> <span class='ocrx_word' id='word_1_178' title='bbox 496 2837 543 2906; x_wconf 89' lang='lat' dir='ltr'>eis</span> <span class='ocrx_word' id='word_1_179' title='bbox 561 2840 705 2908; x_wconf 88' lang='lat' dir='ltr'>otiosum</span> <span class='ocrx_word' id='word_1_180' title='bbox 725 2839 814 2910; x_wconf 90' lang='lat' dir='ltr'>diem</span> <span class='ocrx_word' id='word_1_181' title='bbox 831 2864 953 2936; x_wconf 86' lang='lat' dir='ltr'>agens,</span> <span class='ocrx_word' id='word_1_182' title='bbox 977 2843 1057 2938; x_wconf 92' lang='lat' dir='ltr'>quin</span> <span class='ocrx_word' id='word_1_183' title='bbox 1076 2838 1223 2935; x_wconf 86' lang='lat' dir='ltr'>quotidie</span> <span class='ocrx_word' id='word_1_184' title='bbox 1244 2838 1377 2935; x_wconf 84' lang='lat' dir='ltr'>legatos</span> <span class='ocrx_word' id='word_1_185' title='bbox 1482 2908 1484 2927; x_wconf 32' lang='grc' dir='ltr'>Ι</span> 
     </span>
    </p>
   </div>
   <div class='ocr_carea' id='block_1_10' title="bbox 291 2941 1380 4223">
    <p class='ocr_par' dir='ltr' id='par_1_10' title="bbox 291 2941 1380 4223">
     <span class='ocr_line' id='line_1_24' title="bbox 291 2941 1380 3042; baseline 0.006 -30"><span class='ocrx_word' id='word_1_186' title='bbox 291 2957 335 3026; x_wconf 54' lang='lat' dir='ltr'>et,</span> <span class='ocrx_word' id='word_1_187' title='bbox 344 2941 571 3038; x_wconf 81' lang='lat' dir='ltr'>exploratores</span> <span class='ocrx_word' id='word_1_188' title='bbox 593 2944 741 3042; x_wconf 88' lang='lat' dir='ltr'>undiquc</span> <span class='ocrx_word' id='word_1_189' title='bbox 763 2946 960 3037; x_wconf 87' lang='lat' dir='ltr'>destinaret,</span> <span class='ocrx_word' id='word_1_190' title='bbox 990 2972 1050 3042; x_wconf 88' lang='lat' dir='ltr'>per</span> <span class='ocrx_word' id='word_1_191' title='bbox 1074 2973 1159 3042; x_wconf 89' lang='lat' dir='ltr'>quos</span> <span class='ocrx_word' id='word_1_192' title='bbox 1186 2960 1311 3017; x_wconf 89' lang='lat' dir='ltr'>statum</span> <span class='ocrx_word' id='word_1_193' title='bbox 1332 2971 1380 3018; x_wconf 86' lang='lat' dir='ltr'>ac</span> 
     </span>
     <span class='ocr_line' id='line_1_25' title="bbox 292 3051 1375 3145; baseline 0.006 -27"><span class='ocrx_word' id='word_1_194' title='bbox 292 3051 502 3145; x_wconf 90' lang='lat' dir='ltr'>propositum</span> <span class='ocrx_word' id='word_1_195' title='bbox 517 3051 689 3132; x_wconf 79' lang='lat' dir='ltr'>civitatum</span> <span class='ocrx_word' id='word_1_196' title='bbox 708 3068 881 3134; x_wconf 79' lang='lat' dir='ltr'>nosceret:</span> <span class='ocrx_word' id='word_1_197' title='bbox 900 3055 985 3138; x_wconf 86' lang='lat' dir='ltr'>tanti</span> <span class='ocrx_word' id='word_1_198' title='bbox 1000 3070 1034 3124; x_wconf 91' lang='lat' dir='ltr'>et</span> <span class='ocrx_word' id='word_1_199' title='bbox 1051 3069 1120 3127; x_wconf 84' lang='lat' dir='ltr'>tam</span> <span class='ocrx_word' id='word_1_200' title='bbox 1133 3054 1243 3124; x_wconf 84' lang='lat' dir='ltr'>crebri</span> <span class='ocrx_word' id='word_1_201' title='bbox 1258 3067 1375 3124; x_wconf 90' lang='lat' dir='ltr'>motus</span> 
     </span>
     <span class='ocr_line' id='line_1_26' title="bbox 293 3155 1374 3257; baseline 0.004 -30"><span class='ocrx_word' id='word_1_202' title='bbox 293 3155 478 3227; x_wconf 83' lang='lat' dir='ltr'>Galliarum</span> <span class='ocrx_word' id='word_1_203' title='bbox 498 3158 649 3240; x_wconf 87' lang='lat' dir='ltr'>omnium</span> <span class='ocrx_word' id='word_1_204' title='bbox 672 3158 886 3249; x_wconf 82' lang='lat' dir='ltr'>ferebantur,</span> <span class='ocrx_word' id='word_1_205' title='bbox 906 3176 940 3230; x_wconf 92' lang='lat' dir='ltr'>et</span> <span class='ocrx_word' id='word_1_206' title='bbox 958 3159 1162 3232; x_wconf 88' lang='lat' dir='ltr'>clandestina</span> <span class='ocrx_word' id='word_1_207' title='bbox 1181 3185 1268 3257; x_wconf 81' lang='lat' dir='ltr'>saepc</span> <span class='ocrx_word' id='word_1_208' title='bbox 1290 3185 1374 3232; x_wconf 90' lang='lat' dir='ltr'>con·</span> 
     </span>
     <span class='ocr_line' id='line_1_27' title="bbox 292 3262 1375 3366; baseline 0.004 -30"><span class='ocrx_word' id='word_1_209' title='bbox 292 3262 381 3352; x_wconf 82' lang='lat' dir='ltr'>cilia,</span> <span class='ocrx_word' id='word_1_210' title='bbox 404 3278 438 3334; x_wconf 89' lang='lat' dir='ltr'>et</span> <span class='ocrx_word' id='word_1_211' title='bbox 457 3278 622 3337; x_wconf 84' lang='lat' dir='ltr'>nocturna</span> <span class='ocrx_word' id='word_1_212' title='bbox 639 3266 740 3354; x_wconf 85' lang='lat' dir='ltr'>etiam</span> <span class='ocrx_word' id='word_1_213' title='bbox 763 3269 798 3335; x_wconf 90' lang='lat' dir='ltr'>in</span> <span class='ocrx_word' id='word_1_214' title='bbox 821 3265 910 3338; x_wconf 83' lang='lat' dir='ltr'>silvis</span> <span class='ocrx_word' id='word_1_215' title='bbox 931 3267 1049 3338; x_wconf 91' lang='lat' dir='ltr'>baberi</span> <span class='ocrx_word' id='word_1_216' title='bbox 1069 3267 1252 3366; x_wconf 81' lang='lat' dir='ltr'>colloquia,</span> <span class='ocrx_word' id='word_1_217' title='bbox 1270 3281 1304 3337; x_wconf 90' lang='lat' dir='ltr'>et</span> <span class='ocrx_word' id='word_1_218' title='bbox 1327 3268 1375 3340; x_wconf 84' lang='lat' dir='ltr'>ad</span> 
     </span>
     <span class='ocr_line' id='line_1_28' title="bbox 292 3370 1375 3466; baseline 0.006 -26"><span class='ocrx_word' id='word_1_219' title='bbox 292 3395 458 3442; x_wconf 87' lang='lat' dir='ltr'>summam</span> <span class='ocrx_word' id='word_1_220' title='bbox 480 3371 590 3466; x_wconf 88' lang='lat' dir='ltr'>pacati</span> <span class='ocrx_word' id='word_1_221' title='bbox 615 3370 698 3442; x_wconf 91' lang='lat' dir='ltr'>nibil</span> <span class='ocrx_word' id='word_1_222' title='bbox 727 3373 933 3448; x_wconf 81' lang='lat' dir='ltr'>audiebatur.</span> <span class='ocrx_word' id='word_1_223' title='bbox 959 3377 1053 3460; x_wconf 87' lang='lat' dir='ltr'>Inter</span> <span class='ocrx_word' id='word_1_224' title='bbox 1079 3390 1218 3462; x_wconf 84' lang='lat' dir='ltr'>caetera,</span> <span class='ocrx_word' id='word_1_225' title='bbox 1245 3377 1375 3447; x_wconf 83' lang='lat' dir='ltr'>Lucius</span> 
     </span>
     <span class='ocr_line' id='line_1_29' title="bbox 292 3477 1376 3580; baseline 0.006 -34"><span class='ocrx_word' id='word_1_226' title='bbox 292 3477 449 3566; x_wconf 89' lang='lat' dir='ltr'>Roscius,</span> <span class='ocrx_word' id='word_1_227' title='bbox 471 3479 529 3573; x_wconf 89' lang='lat' dir='ltr'>qui</span> <span class='ocrx_word' id='word_1_228' title='bbox 554 3481 660 3548; x_wconf 84' lang='lat' dir='ltr'>tertiae</span> <span class='ocrx_word' id='word_1_229' title='bbox 689 3479 827 3567; x_wconf 83' lang='lat' dir='ltr'>dccimae</span> <span class='ocrx_word' id='word_1_230' title='bbox 854 3497 996 3578; x_wconf 68' lang='lat' dir='ltr'>praerat</span> <span class='ocrx_word' id='word_1_231' title='bbox 1026 3482 1171 3580; x_wconf 89' lang='lat' dir='ltr'>legioni,</span> <span class='ocrx_word' id='word_1_232' title='bbox 1203 3483 1376 3566; x_wconf 81' lang='lat' dir='ltr'>nuntiavit</span> 
     </span>
     <span class='ocr_line' id='line_1_30' title="bbox 293 3584 1375 3687; baseline 0.006 -33"><span class='ocrx_word' id='word_1_233' title='bbox 293 3584 406 3681; x_wconf 88' lang='lat' dir='ltr'>copias</span> <span class='ocrx_word' id='word_1_234' title='bbox 424 3585 576 3680; x_wconf 86' lang='lat' dir='ltr'>ingentes</span> <span class='ocrx_word' id='word_1_235' title='bbox 598 3585 774 3656; x_wconf 91' lang='lat' dir='ltr'>Gallorum</span> <span class='ocrx_word' id='word_1_236' title='bbox 793 3587 835 3657; x_wconf 91' lang='lat' dir='ltr'>ad</span> <span class='ocrx_word' id='word_1_237' title='bbox 855 3590 1082 3687; x_wconf 86' lang='lat' dir='ltr'>oppugnanda</span> <span class='ocrx_word' id='word_1_238' title='bbox 1098 3591 1169 3684; x_wconf 89' lang='lat' dir='ltr'>ejus</span> <span class='ocrx_word' id='word_1_239' title='bbox 1187 3604 1298 3662; x_wconf 87' lang='lat' dir='ltr'>castra</span> <span class='ocrx_word' id='word_1_240' title='bbox 1313 3615 1375 3660; x_wconf 78' lang='lat' dir='ltr'>ve·</span> 
     </span>
     <span class='ocr_line' id='line_1_31' title="bbox 291 3692 1373 3792; baseline 0.009 -33"><span class='ocrx_word' id='word_1_241' title='bbox 291 3692 440 3780; x_wconf 86' lang='lat' dir='ltr'>nientes,</span> <span class='ocrx_word' id='word_1_242' title='bbox 461 3705 600 3788; x_wconf 84' lang='lat' dir='ltr'>accepta</span> <span class='ocrx_word' id='word_1_243' title='bbox 624 3694 773 3763; x_wconf 85' lang='lat' dir='ltr'>victoriae</span> <span class='ocrx_word' id='word_1_244' title='bbox 797 3719 865 3766; x_wconf 84' lang='lat' dir='ltr'>suae</span> <span class='ocrx_word' id='word_1_245' title='bbox 893 3695 999 3788; x_wconf 86' lang='lat' dir='ltr'>fama,</span> <span class='ocrx_word' id='word_1_246' title='bbox 1029 3697 1139 3784; x_wconf 84' lang='lat' dir='ltr'>subito</span> <span class='ocrx_word' id='word_1_247' title='bbox 1167 3697 1373 3792; x_wconf 77' lang='lat' dir='ltr'>bigientibus</span> 
     </span>
     <span class='ocr_line' id='line_1_32' title="bbox 292 3796 1370 3892; baseline 0.008 -26"><span class='ocrx_word' id='word_1_248' title='bbox 292 3796 413 3866; x_wconf 91' lang='lat' dir='ltr'>similes</span> <span class='ocrx_word' id='word_1_249' title='bbox 437 3797 564 3870; x_wconf 90' lang='lat' dir='ltr'>abiisse.</span> <span class='ocrx_word' id='word_1_250' title='bbox 595 3799 727 3887; x_wconf 85' lang='lat' dir='ltr'>Quibus</span> <span class='ocrx_word' id='word_1_251' title='bbox 744 3801 873 3873; x_wconf 89' lang='lat' dir='ltr'>indiciis</span> <span class='ocrx_word' id='word_1_252' title='bbox 893 3829 999 3892; x_wconf 83' lang='lat' dir='ltr'>unum</span> <span class='ocrx_word' id='word_1_253' title='bbox 1021 3819 1140 3891; x_wconf 84' lang='lat' dir='ltr'>contra</span> <span class='ocrx_word' id='word_1_254' title='bbox 1160 3830 1196 3874; x_wconf 86' lang='lat' dir='ltr'>sc</span> <span class='ocrx_word' id='word_1_255' title='bbox 1217 3806 1370 3875; x_wconf 90' lang='lat' dir='ltr'>animum</span> 
     </span>
     <span class='ocr_line' id='line_1_33' title="bbox 292 3901 1369 4006; baseline 0.008 -34"><span class='ocrx_word' id='word_1_256' title='bbox 292 3901 476 3974; x_wconf 85' lang='lat' dir='ltr'>Gallianun</span> <span class='ocrx_word' id='word_1_257' title='bbox 490 3903 564 3980; x_wconf 83' lang='lat' dir='ltr'>luce</span> <span class='ocrx_word' id='word_1_258' title='bbox 576 3904 696 3979; x_wconf 87' lang='lat' dir='ltr'>clarius</span> <span class='ocrx_word' id='word_1_259' title='bbox 711 3907 913 4006; x_wconf 88' lang='lat' dir='ltr'>intelligens,</span> <span class='ocrx_word' id='word_1_260' title='bbox 925 3926 1116 3982; x_wconf 88' lang='lat' dir='ltr'>nontamen</span> <span class='ocrx_word' id='word_1_261' title='bbox 1128 3911 1369 3984; x_wconf 77' lang='lat' dir='ltr'>destitit&#39;Evo·</span> 
     </span>
     <span class='ocr_line' id='line_1_34' title="bbox 292 4011 1369 4114; baseline 0.009 -36"><span class='ocrx_word' id='word_1_262' title='bbox 292 4011 373 4079; x_wconf 88' lang='lat' dir='ltr'>catis</span> <span class='ocrx_word' id='word_1_263' title='bbox 386 4011 429 4098; x_wconf 88' lang='lat' dir='ltr'>ad</span> <span class='ocrx_word' id='word_1_264' title='bbox 441 4036 475 4081; x_wconf 92' lang='lat' dir='ltr'>se</span> <span class='ocrx_word' id='word_1_265' title='bbox 490 4012 711 4109; x_wconf 87' lang='lat' dir='ltr'>principibus,</span> <span class='ocrx_word' id='word_1_266' title='bbox 722 4015 785 4086; x_wconf 90' lang='lat' dir='ltr'>hos</span> <span class='ocrx_word' id='word_1_267' title='bbox 798 4013 981 4106; x_wconf 80' lang='lat' dir='ltr'>blanditiis,</span> <span class='ocrx_word' id='word_1_268' title='bbox 994 4033 1028 4088; x_wconf 89' lang='lat' dir='ltr'>et</span> <span class='ocrx_word' id='word_1_269' title='bbox 1039 4019 1102 4089; x_wconf 89' lang='lat' dir='ltr'>bos</span> <span class='ocrx_word' id='word_1_270' title='bbox 1116 4021 1231 4108; x_wconf 89' lang='lat' dir='ltr'>minis,</span> <span class='ocrx_word' id='word_1_271' title='bbox 1241 4032 1369 4114; x_wconf 85' lang='lat' dir='ltr'>quanta</span> 
     </span>
     <span class='ocr_line' id='line_1_35' title="bbox 291 4117 1369 4223; baseline 0.009 -37"><span class='ocrx_word' id='word_1_272' title='bbox 291 4119 397 4214; x_wconf 88' lang='lat' dir='ltr'>quivit</span> <span class='ocrx_word' id='word_1_273' title='bbox 418 4117 606 4216; x_wconf 71' lang='lat' dir='ltr'>diligentia,</span> <span class='ocrx_word' id='word_1_274' title='bbox 623 4123 659 4202; x_wconf 78' lang='lat' dir='ltr'>in</span> <span class='ocrx_word' id='word_1_275' title='bbox 682 4122 843 4219; x_wconf 71' lang='lat' dir='ltr'>Obsequio</span> <span class='ocrx_word' id='word_1_276' title='bbox 866 4125 995 4207; x_wconf 86' lang='lat' dir='ltr'>studuit</span> <span class='ocrx_word' id='word_1_277' title='bbox 1012 4130 1167 4208; x_wconf 82' lang='lat' dir='ltr'>retinere.</span> <span class='ocrx_word' id='word_1_278' title='bbox 1189 4126 1297 4223; x_wconf 84' lang='lat' dir='ltr'>quue</span> <span class='ocrx_word' id='word_1_279' title='bbox 1324 4124 1369 4196; x_wconf 82' lang='lat' dir='ltr'>ad</span> 
     </span>
    </p>
   </div>
   <div class='ocr_carea' id='block_1_11' title="bbox 0 0 1504 5025">
    <p class='ocr_par' dir='ltr' id='par_1_11' title="bbox 0 0 1504 5025">
     <span class='ocr_line' id='line_1_36' title="bbox 0 0 1504 5025; baseline 0 0"><span class='ocrx_word' id='word_1_280' title='bbox 0 0 1504 5025; x_wconf 95' lang='lat' dir='ltr'> </span> 
     </span>
    </p>
   </div>
  </div>
 </body>
</html>
