3000 5025
291 500 368 575 136:
508 502 536 568 J.
567 500 724 569 CELSI
753 497 1135 567 COMMENTARII

284 631 366 702 falsa
385 657 455 703 esse
476 646 612 727 possent
633 655 707 725 quae
725 631 796 699 veri
815 630 930 723 utique
952 628 1071 697 saciem
1095 653 1164 695 non
1182 626 1371 714 haberent,
1415 616 1420 627 ’

285 739 344 807 sed
368 763 462 809 more
485 740 591 834 gentis
609 736 722 807 audita
748 735 905 831 qualibet
926 762 990 831 pro
1013 736 1193 828 compertis
1211 725 1372 826 accipere-

285 844 404 935 solitae,
416 869 572 915 romanos
587 844 677 913 cives
690 845 747 938 qui
765 843 855 937 apud
869 866 943 929 eos,
955 866 1018 910 ceu
1031 840 1207 909 fidissimos
1223 841 1368 927 amicos,

286 953 394 1021 securi
419 952 577 1047 agebant,
604 964 663 1019 aut
685 964 794 1019 morte
814 963 873 1017 aut
895 950 1053 1017 servitute
1077 948 1366 1041 depravaverant,

285 1057 375 1127 bona
386 1056 610 1153 diripuerant,
628 1056 675 1125 nil
693 1057 873 1151 impietatis
891 1056 1080 1124 omiserant.
1100 1053 1281 1148 Agitabant
1292 1054 1365 1121 ani·

286 1188 359 1233 mos
385 1160 500 1233 latenti
525 1163 602 1233 odio
628 1186 787 1232 accensos
808 1163 963 1248 avaritia,
982 1162 1048 1246 ira,
1069 1163 1254 1246 temeritas,
1274 1160 1368 1227 fami-

285 1268 382 1341 liares
405 1285 514 1365 pestes
533 1270 682 1365 gentium
701 1266 849 1352 illarum,
868 1281 902 1335 et
922 1266 1067 1335 addebat
1087 1265 1238 1336 stimulos
1258 1266 1369 1335 furori

287 1375 581 1463 Convictolitanis,
599 1375 740 1445 Caesaris
763 1398 903 1443 munere
923 1398 1073 1443 summus
1084 1372 1271 1443 AEduorum
1292 1397 1367 1440 ma·

286 1484 460 1578 gistratus,
479 1506 628 1552 summus
641 1484 872 1551 Romanorum
887 1480 992 1549 bostis
1011 1505 1051 1549 ac
1062 1481 1221 1567 Caes‘aris,
1239 1480 1365 1548 horum

286 1588 500 1661 consiliorum
516 1604 634 1659 auctor
651 1602 685 1657 et
699 1588 864 1683 princeps.
888 1588 922 1656 Is
941 1610 1000 1655 sua
1019 1599 1136 1681 sponte
1159 1588 1366 1655 concitatum

287 1694 451 1791 populum
470 1696 580 1765 verbis
594 1695 759 1789 urgebat,
775 1710 815 1765 ut
836 1718 876 1762 eo
900 1691 974 1763 illos
993 1692 1190 1779 adduceret,
1211 1691 1301 1763 unde
1317 1718 1367 1761 rc-

287 1802 375 1872 ditus
394 1801 504 1871 nullus
522 1817 609 1872 esset
625 1802 668 1871 ad
686 1803 819 1872 saniora
838 1798 982 1869 consilia.
999 1802 1117 1894 Itaque
1138 1814 1172 1867 et
1192 1799 1375 1868 tribunum

288 1908 430 1977 militum
448 1911 602 1979 Marcum
614 1909 796 1995 Ariscium,
814 1920 849 1987 et
862 1909 1086 2000 negotiatores
1110 1930 1282 1992 romanos,
1297 1906 1366 1975 fide

288 2013 366 2083 da'ta
387 2014 561 2084 Cabillone
588 2014 712 2109 oppido
736 2013 894 2102 eductos,
918 2014 953 2081 in
975 2015 1092 2083 itincre
1118 2028 1236 2081 contra
1260 2013 1366 2083 fidem

289 2122 451 2215 aggressi,
470 2119 631 2215 spoliant,
651 2144 751 2214 seque
773 2121 808 2187 in
830 2118 942 2189 locum
964 2122 1181 2207 eminentem,
1199 2119 1367 2189 defensio·

287 2228 340 2295 nis
358 2228 481 2320 gratia,
505 2241 734 2321 receptantes,
757 2226 811 2295 die
832 2240 1002 2320 noctuque
1026 2228 1298 2296 circumsistunt:
1324 2252 1374 2296 ae.

288 2332 401 2403 multis
419 2331 673 2427 ultro-citroque
697 2334 835 2420 occisis,
853 2334 888 2401 in
906 2333 995 2402 diem
1013 2348 1185 2428 posterum
1203 2335 1270 2402 vim
1292 2358 1366 2403 ma-

285 2438 394 2534 jorem
405 2454 535 2534 parant.
553 2439 618 2509 Sed
629 2428 887 2536 hac-agentibus
905 2454 1004 2535 atque
1020 2440 1214 2536 parantibus
1227 2442 1366 2509 nuntius

289 2547 499 2640 supervenit,
522 2545 638 2624 decem
662 2546 765 2620 millia
792 2546 848 2616 illa
873 2573 1010 2639 suorum
1036 2549 1071 2616 in
1098 2562 1262 2643 potestate
1287 2549 1364 2617 Cae-

240 2662 246 2670 “
289 2655 371 2722 saris
395 2676 486 2742 esse,
510 2656 566 2722 vix
596 2655 799 2726 Litavictum
821 2654 899 2749 fuga
928 2669 1081 2748 ereptum
1102 2656 1252 2724 evasisse.
1275 2656 1365 2724 Turn

289 2759 398 2828 subito
413 2758 534 2853 dejecti
548 2774 658 2848 metu,
674 2761 717 2836 ad
738 2759 927 2848 tribunum,
946 2785 1046 2854 quem
1061 2761 1274 2848 obsidebant,
1289 2761 1372 2830 vul-1

288 2865 377 2946 tibus
395 2869 545 2956 mutatis,
565 2866 714 2936 sednon
735 2869 870 2955 animis,
888 2867 1068 2936 festinant:
1093 2867 1225 2936 factum·
1237 2882 1365 2938 temere

288 2973 358 3040 sine
380 2997 544 3042 consensu
566 2972 682 3068 populi
711 2988 897 3044 excusant:
923 2973 965 3043 de
987 2974 1154 3042 bonorum
1176 2974 1365 3070 direptione

284 3076 446 3171 judicium
465 3080 660 3148 instituunt:
676 3082 879 3150 Litavictum
894 3079 1079 3175 fratresque
1087 3081 1158 3174 ejus
1171 3080 1267 3152 exilio
1279 3106 1363 3151 con-

288 3183 464 3272 demnant,
476 3185 563 3256 bona
581 3184 761 3280 publicant.
781 3189 887 3280 Super
904 3186 972 3274 his,
990 3187 1035 3260 ad
1050 3189 1215 3262 Caesarem
1235 3187 1363 3283 legatos

287 3291 444 3378 mittunt,
459 3293 516 3385 qui
534 3292 658 3362 factum
676 3306 821 3387 purgent
833 3295 991 3376 ,veniam
1009 3308 1145 3388 petant:
1161 3295 1274 3364 etbaec
1288 3321 1363 3365 om·

287 3398 345 3466 nia
360 3422 429 3466 non
447 3397 513 3468 fide
535 3397 592 3468 sed
613 3413 705 3468 metu
724 3413 877 3492 agentes,
900 3398 997 3468 solita
1018 3402 1150 3470 interim
1174 3403 1208 3469 in
1233 3417 1365 3472 secreto
1392 3416 1396 3421 ⁴

287 3501 365 3573 belli
389 3503 523 3574 consilia
545 3505 730 3600 agitabant,
756 3505 922 3598 urbesque
943 3505 1099 3579 finitimas
1120 3507 1163 3574 ad
1184 3531 1278 3576 arma
1301 3533 1364 3603 per

287 3611 421 3692 nuntios
437 3611 677 3688 hortabantur:
696 3608 787 3678 mille
808 3610 1047 3683 beneficiorum
1067 3627 1167 3707 atque
1191 3608 1362 3686 honorum

286 3718 447 3786 memoria
467 3718 635 3788 exciderat
655 3741 663 3784 t
685 3715 785 3786 solius
800 3719 961 3788 Caesarea
976 3720 1197 3790 meminerant
1214 3719 1360 3791 clemen·

285 3823 358 3908 tiae,
377 3847 450 3919 quae
463 3849 567 3919 quum
579 3847 694 3892 omnes
708 3823 753 3892 ad
768 3849 917 3894 amorem
938 3840 1039 3920 atque
1057 3826 1252 3922 obsequium
1270 3831 1361 3899 exci-

285 3945 370 4000 tasse
394 3931 562 4016 debuerit,
592 3928 714 4000 multos
741 3923 939 4026 (indignum
963 3925 1127 4026 quidem)
1157 3932 1200 4002 ad
1222 3933 1361 4028 injurias

285 4040 458 4126 excitavit;
475 4051 645 4132 postremo
661 4037 727 4108 hoc
749 4063 826 4106 eum
845 4039 888 4107 ad
902 4053 1045 4108 mortem
1061 4063 1166 4134 usque
1184 4040 1373 4134 perduxit,¹

285 4143 326 4224 de
344 4169 412 4242 quo
427 4168 487 4218 suo
498 4143 627 4224 dicetur
641 4143 726 4226 loeo.
743 4146 845 4220 Nunc
857 4160 968 4241 coapta
980 4148 1221 4244 prosequimur.
1237 4147 1358 4245 ltaque
