3000 5025
280 499 596 570 ιιντιιιινιιιιο
620 499 855 570 GRAECUS.
884 503 979 570 ιιιι.
1008 504 1051 570 ν.
1129 495 1207 595 459

138 636 238 700 Τοῦτο
259 623 298 700 δὲ
320 643 457 700 ποιοῦσιν
478 634 505 700 οἱ
524 634 640 702 Γάλλοι
664 645 721 702 τοῦ
745 636 883 726 πολέμου
902 635 1083 727 ἀρχόμενοι,
1096 633 1148 701 καὶ
1166 633 1207 711 εἰς

136 741 190 814 τήν
205 742 352 814 τοιαύτην
374 740 537 813 ἐκκλησίαν
551 743 635 833 νόμῳ
647 740 778 823 πάντες,
792 741 820 808 οἱ
839 744 870 807 έν
886 745 1018 835 ςρατιᾶς
1037 744 1098 808 ἔτει
1116 765 1209 836 γεγο·

136 847 237 930 νότες,
249 849 371 914 ἔνοπλοι
384 849 515 914 συνιέναι
533 847 671 931 εἰώθασι,
685 849 737 916 καὶ
751 853 767 914 ὁ
782 851 899 926 ύςατος
917 846 1041 914 πάντων
1056 847 1097 926 εἱς
1111 849 1209 920 αὐτὴν

138 952 299 1037 συνελθὼν,
314 953 353 1032 ιίς
377 952 450 1045 ὄψιν·
474 965 532 1022 τού
549 955 684 1034 πλήθους
708 953 854 1046 ἐσχάταις
872 954 1020 1040 βασάναις
1037 956 1208 1044 φονενέται.
1311 999 1317 1010 -

136 1045 176 1124 Εν
186 1062 287 1155 ταύτῃ
303 1061 361 1152 ’μὲν
370 1071 411 1154 τῇ
425 1054 545 1149 συνόδῳ
554 1067 571 1130 ό
580 1047 816 1154 Ῐνδουκιόμαρος
829 1064 884 1129 τὸν
899 1066 1010 1127 ἑαυτοῦ
1019 1055 1160 1156 χαμόρόν
1173 1085 1209 1128 τε

136 1165 185 1232 καὶ
212 1167 442 1244 α’ντιςασιώτην
470 1171 705 1264 Κιγγιτόρυγα,
723 1170 870 1261 πολέμιον
899 1165 1130 1260 ψηφισάμενος,
1152 1169 1210 1240 τήν

136 1272 247 1340 ἐκείνου
267 1271 372 1340 οὐσίαν
391 1265 599 1368 ἐδημοσίευσε.
615 1279 717 1343 Τοῶτο
738 1266 774 1341 δὲ
795 1266 1059 1368 διαπραξάμενος,
1071 1275 1132 1341 ὑπὸ
1155 1274 1208 1365 μὲν

136 1388 199 1446 τῶν
220 1381 369 1464 Σενώνων,
388 1381 440 1449 καὶ
465 1389 528 1449 τῶν
556 1385 763 1475 Καρνούτιεν,
783 1379 885 1449 ἄλλων
908 1405 944 1447 τε
966 1391 1024 1458 τῆς
1053 1378 1210 1458 Γαλατίας

134 1487 255 1554 πόλεων
284 1488 536 1582 παρακεκλῆσθαι
563 1489 630 1580 ἔφη·
662 1490 741 1582 πρὸς
773 1490 884 1566 αὐτούς
912 1479 948 1554 δὲ
980 1479 1034 1553 διὰ
1059 1497 1116 1564 τῆς
1147 1494 1211 1552 τῶν

135 1579 250 1686 δήμων
261 1596 362 1688 χώρας
378 1595 593 1688 πορεύσεσθαι,
607 1596 659 1663 καὶ
681 1600 739 1671 τήν
761 1595 880 1662 ἐκείνων
901 1598 1005 1689 χώραν
1027 1586 1210 1687 δῃώσεσθαι·

136 1700 264 1794 πρόσθεν
288 1693 323 1768 δὲ
346 1703 533 1787 τούτων,τὶ
559 1711 616 1770 τοῦ
644 1698 801 1777 Λαύιηνοῦ
825 1699 909 1768 κατὰ
938 1701 1051 1795 κράτος
1079 1700 1211 1793 αἱρήσειν

137 1799 345 1901 ςρατόπεθον.
364 1811 476 1876 Ταῦτα
495 1809 552 1901 μὲν·
577 1812 674 1888 οὕτως
702 1809 811 1892 εἰπών,
825 1806 858 1876 τί
876 1800 943 1875 δέοι
960 1817 1073 1890 ποιεῖν,
1092 1810 1212 1900 παρήγν

136 1921 245 2007 γειλεν.

189 2021 299 2092 LVII.
315 2007 345 2088 0
361 2014 395 2089 δὲ
416 2017 571 2100 Λαύιηνθς
590 2025 622 2088 ἐν
642 2035 689 2112 τῷ
703 2027 816 2088 ἑαυτοῦ
833 2013 1039 2116 ςροιτοπέδῳ,
1053 2018 1087 2086 εὖ
1100 2045 1136 2086 τε
1156 2029 1212 2097 τῆς

136 2129 252 2218 φύσεως
267 2128 318 2194 καὶ
336 2139 392 2208 τῆς
416 2132 525 2221 τέχνης
544 2131 619 2218 πρὸς
640 2130 697 2196 τὸν
719 2130 854 2220 πόλεμον
880 2130 999 2220 ἔχοντι,
1014 2129 1131 2220 μένων,
1144 2125 1213 2219 περὶ

134 2235 189 2327 μὲν
204 2245 261 2302 τοῦ
278 2235 440 2330 τάγματος
453 2236 505 2304 καὶ
518 2240 631 2306 ἑαυτοῦ
646 2227 734 2304 ούδὲν
748 2230 899 2326 ἐφούεῑτο·
914 2236 1036 2302 ἐσκόπει
1052 2226 1087 2302 δὲ
1107 2234 1215 2325 μόνον,

135 2345 219 2419 ὅπως
235 2345 279 2434 μὴ
295 2341 366 2409 τινὰ
380 2354 439 2410 τού
451 2337 483 2409 εὖ
499 2343 650 2436 πράττειν
666 2338 821 2411 άπούάλοι
833 2341 1012 2436 εύκαίρειαν.
1023 2339 1074 2408 T&
1092 2340 1149 2433 μὲν
1161 2337 1212 2408 οὖν

136 2454 195 2516 ὑπὸ
215 2434 453 2546 ἱνδουκιομάρου
467 2453 499 2517 ἱν
516 2461 556 2545 τῇ
578 2449 724 2542 ἐκκλησία
734 2450 900 2544 λεχθέντα,
916 2449 1001 2543 παρά
1019 2475 1053 2517 τε
1073 2459 1129 2516 τοῦ
1143 2450 1217 2542 Κιγ-

137 2556 319 2650 γετόρυγσς,
333 2557 384 2623 καὶ
399 2566 460 2625 τῶν
476 2556 587 2624 ἐκείνου
601 2557 777 2651 άναχκαίων
790 2558 937 2639 άκούσας,
946 2558 1022 2648 πρὸς
1037 2552 1096 2634 τὶις
1108 2580 1218 2647 περιοι-

136 2655 225 2741 κίδας
240 2664 386 2758 άχγελους
396 2656 593 2757 διεπέμψατο
606 2664 725 2747 πόλεις,
736 2664 847 2741 ἱππέας
856 2666 891 2729 ἱκ
897 2673 1005 2729 πασῶν
1016 2668 1217 2753 παρακαλῶν,

136 2770 189 2838 καὶ
203 2772 289 2848 ἐντὸς
305 2777 398 2863 ῥητῆς
412 2773 527 2863 ἡμέρας
541 2771 617 2861 πρὸς
631 2771 743 2837 ἑαυτὸν
755 2772 886 2835 συνιέναι
899 2774 1039 2836 κελεύων.
1054 2754 1099 2833 Εν
1113 2771 1218 2853 τούτῳ

136 2869 165 2943 δ’
181 2883 197 2943 ό
212 2860 447 2970 ἱνδουκιόμαρος
459 2878 512 2943 σὺν
526 2876 621 2945 παντὶ
634 2888 680 2964 τῷ
694 2881 806 2944 ἑαυτοῦ
820 2876 936 2965 ἱππικῷ
951 2876 1011 2941 ὑπὸ
1025 2876 1063 2941 τὸ
1077 2884 1135 2941 τοῦ
1148 2877 1217 2939 Λα·

137 2979 243 3057 ύιηνυῶ
257 2976 472 3076 ςρατόπεδον,
485 2981 526 3049 τά
541 2984 594 3075 μὲν
609 2993 665 3050 τοῦ
683 2986 739 3058 τήν
760 2990 852 3050 κεῖσιν
868 2986 964 3050 αὐτοῦ
981 2989 1158 3061 κατανοεῖν,
1173 2976 1215 3045 τά

137 3082 173 3158 δὲ
184 3098 242 3157 τοῦ
253 3081 463 3187 διαλέγεσθαι,
475 3090 528 3156 καὶ
537 3084 674 3181 ἱκφούεῖν
684 3090 834 3157 ἕνεκατὸν
843 3083 998 3162 Λαύιηνθν
1008 3088 1092 3171 ,καθ’
1102 3086 1216 3164 ἑκάςην

138 3200 263 3290 περιήιε·
278 3196 330 3264 καὶ
343 3196 491 3275 πολλάκις
503 3196 569 3291 γὀἱ
586 3196 698 3264 ἐκείνου
714 3198 815 3275 ἱππεῖς
834 3195 874 3273 εἰς
892 3197 930 3263 τὸ
952 3194 1125 3287 χαράκωμα
1138 3196 1218 3285 σύμ·

138 3329 252 3381 παντες
267 3298 341 3377 ύέλη
356 3303 491 3395 ἀφίεσαν.
500 3302 563 3369 Καὶ
576 3303 656 3395 ὁμὲν
664 3297 819 3381 Λαύιηνὸς
831 3295 955 3375 δόκησιν
969 3294 1066 3391 φόόου
1080 3300 1216 3394 μεγάλην

139 3410 299 3503 παρέχων,
322 3416 362 3487 ὡς
383 3402 537 3492 ήδύνατο,
551 3410 619 3476 καθ’
640 3409 774 3493 ἑκάς-ην,
789 3412 884 3483 αὐτὴν
902 3401 1022 3485 ἡύξανε·

193 3518 321 3585 LVHI.
331 3518 395 3583 Καὶ
410 3526 465 3583 τοῦ
480 3501 717 3610 ἱνδουκιομάρου
733 3519 787 3583 σὺν
802 3508 914 3609 μείζονι
928 3513 976 3581 άεὶ
988 3520 1050 3581 τῶν
1064 3498 1215 3604 Ρωμαίων

140 3626 365 3717 καταφρονήσει
379 3622 429 3689 ἐπὶ
448 3624 484 3690 τὸ
506 3622 624 3690 ἐκείνων
642 3622 816 3716 χαράκωμα
833 3632 1019 3713 φοιτῶντος,
1032 3618 1102 3686 τινὰ
1119 3621 1217 3686 νύκτα

141 3736 157 3797 ὁ
179 3724 334 3807 Λαύιηνὸς
360 3732 511 3822 τηρήσας,
526 3730 665 3811 πάντας,
688 3726 738 3807 οθς
759 3729 973 3810 συνεκάλεσεν,
990 3730 1020 3794 ἐν
1049 3728 1149 3817 ταύτῃ
1175 3734 1216 3816 τῇ

141 3836 229 3904 νυκτὶ
255 3835 294 3914 εἰς
320 3837 357 3903 τὸ
382 3829 578 3927 ςροιτόπεδον
603 3834 760 3929 εἰσήγαγεν
785 3821 906 3913 ἱππέας·
930 3833 982 3901 καὶ
1001 3832 1122 3907 πάντας
1143 3832 1216 3908 τοὺς

142 3948 255 4009 ἑαυτοῦ
277 3944 414 4036 τοσαύτη
439 3945 468 4009 ἐν
493 3950 539 4030 τῷ
565 3943 771 4035 χαρακώματι
796 3943 945 4033 κατέσχεν
970 3938 1146 4032 ἐπιμελείᾳ,
1160 3940 1216 4014 ὦς’

143 4040 287 4141 οὐδαμῶς
310 4051 347 4116 τὸ
365 4052 495 4144 πρᾶγμα
517 4058 613 4116 τοῶτο
631 4050 706 4142 πρὸς
729 4050 802 4126 τοὺς
815 4044 976 4141 Τρευὶρους
991 4038 1218 4141 διαχγελθῆναι.

144 4142 188 4221 Ἑν
209 4158 313 4242 τούτῳ
327 4146 357 4221 δ’
374 4162 390 4223 ό
406 4141 642 4251 ἱνδουκιόμαρος
656 4157 732 4251 πρὸς
746 4157 785 4223 τὸ
800 4166 861 4222 τῶν
872 4140 1037 4247 Ῥωμαίων,
1053 4158 1093 4231 ὡς
1107 4150 1219 4233 εἰώθει,
