3000 5025
312 491 387 579 418
598 487 1081 558 C.JUL11CAESARIS

309 625 461 717 ἐμπόρους
480 623 689 717 συγκαλέσας,
708 622 781 688 οὔτε
798 622 852 713 μὲν
872 621 953 693 πόση
974 617 1018 693 εἴη
1037 627 1056 694 ἡ
1076 630 1167 697 νῆσος
1186 621 1224 687 τὸ
1243 621 1384 714 μέγεθος,

309 728 381 799 ούτε
407 756 441 824 γε
464 726 543 806 τίνες
565 730 661 801 αὐτὴν
681 726 809 810 οἰκοῖεν,
828 727 880 793 καὶ
898 725 969 793 τίνα
990 736 1048 792 τοῦ
1070 726 1206 818 πολέμου
1230 726 1384 820 ἐμπειρίαν

309 841 423 929 ἔχοιεν,
441 835 492 902 καὶ
511 833 589 902 τίσιν
609 824 833 926 ἐπιτηδεύμασι
846 840 984 926 χρῷντο,
998 832 1078 909 τίνες
1092 835 1124 898 τ’
1138 832 1269 899 ἐνταῦθα
1280 839 1387 900 ναυλο-

309 946 449 1035 χύτατυι
459 944 577 1035 λιμένες
592 940 712 1023 εἴησαν,
726 943 799 1033 παρ’
813 944 914 1007 αὐτῶν
932 930 1065 1013 ἠθυνηθη
1083 942 1252 1031 γινώσκειν.

364 1050 461 1119 XXI.
481 1051 592 1114 Ταῦτα
609 1038 639 1114 θ’
657 1050 739 1131 ὅμως
758 1045 785 1111 εέ
805 1037 911 1128 θέναι,
924 1044 994 1138 πρὶν
1008 1054 1065 1111 τοῦ
1082 1043 1260 1138 πειρᾶσθαι,
1275 1040 1385 1113 ύουλό-

307 1182 419 1248 μενος,
440 1157 530 1222 Γάϊον
552 1154 605 1245 μὲν
628 1156 837 1235 Βολουσῆνον,
854 1151 960 1218 ποίντα
986 1162 1090 1217 ταῦτα
1107 1145 1242 1246 ἀκριθῶς
1264 1176 1386 1218 κατοπ-

308 1265 481 1344 τεύσαντα,
496 1261 572 1353 πρὸς
587 1259 695 1327 ἑαυτὸν
715 1262 765 1326 ότι
784 1258 904 1351 τάχιςα
917 1259 1088 1341 ἐπανιέναι,
1107 1261 1193 1344 αύτῷ
1211 1258 1385 1351 ἐντειλάμε-

308 1396 380 1452 νος,
401 1368 454 1433 σὺν
474 1370 578 1459 μακρᾷ
598 1360 649 1439 νηῒ
672 1363 912 1458 προύπίμψατο.
941 1365 1042 1442 Αὐτὸς
1062 1355 1097 1430 δὲ
1119 1369 1222 1431 πᾶσαν
1249 1355 1292 1439 θη
1311 1370 1386 1456 όμοιῖ

309 1478 387 1566 ἔχων
409 1476 466 1547 τὴν
487 1464 635 1563 δύναμιν,
655 1469 694 1549 εἰς
715 1474 772 1545 τὴν
796 1479 859 1538 τῶν
876 1469 1018 1565 Μορένων
1036 1474 1159 1565 χώραν,
1179 1473 1230 1537 ότι
1251 1470 1385 1538 ἐντεῦθεν

310 1582 351 1659 εἰς
366 1583 422 1654 τὴν
437 1577 624 1672 Βρηταννίαν
639 1572 839 1669 όραχύτατός
848 1581 897 1655 ἐςι
907 1567 1073 1662 θιοίπλους,
1087 1579 1260 1670 ἐπορεύετο·
1276 1578 1330 1645 καὶ
1343 1580 1386 1643 ἐν’

308 1684 410 1753 ταῦθα
425 1686 478 1779 μὲν
490 1692 562 1751 νεῶν
579 1684 674 1752 πολὺν
689 1683 814 1777 ἀριθμὸν
825 1685 888 1751 ἀπὸ
901 1694 963 1750 τῶν
976 1674 1169 1776 περιοικίδων
1183 1683 1324 1767 πόλεων,
1337 1684 1386 1751 καὶ

311 1792 343 1861 ὃν
363 1795 392 1858 ἐν
408 1801 452 1878 τῷ
465 1790 594 1883 πρόσθεν
606 1790 683 1885 θέρει
700 1793 777 1882 πρὸς
790 1792 845 1858 τὸν
855 1791 1037 1857 Οὐενετικόν
1050 1790 1186 1882 πόλεμον
1201 1790 1387 1884 συνηθροίκει

309 1900 423 1979 ςόλον,
439 1899 569 1964 συνιέναι
588 1898 752 1964 ἐκέλευσεν.
776 1882 819 1962 Εν
839 1898 943 1981 τούτῳ
963 1888 999 1963 δὲ
1027 1904 1083 1974 τῆς
1103 1900 1215 1963 ἑαυτοῦ
1234 1898 1385 1991 έπιχειρύ·

311 2030 385 2082 σεως
404 2005 464 2071 ὑπὸ
488 2011 550 2069 τῶν
574 2004 714 2095 ἐμπόρων
743 2008 808 2080 τοῖς
834 2006 1019 2097 Βρηταννοῖς
1045 2002 1309 2097 ἀπαγγελθείσης,
1327 2004 1385 2071 ἀπὸ

311 2116 433 2177 πολλῶν
452 2111 570 2186 ταύτης
589 2118 645 2186 τῆς
661 2112 754 2183 νόσου
774 2109 912 2192 πόλεων,
924 2103 1065 2201 πρέσόεις
1078 2112 1154 2202 πρὸς
1169 2112 1265 2177 αὐτὸν
1282 2107 1384 2192 ἦλθον,

311 2219 443 2307 ὁμόρους
459 2241 492 2281 τε
516 2206 640 2295 θύσειν,
656 2215 708 2281 καὶ
727 2222 791 2293 τοῖς
811 2200 964 2308 Ῥωμαίοις
982 2186 1207 2309 πειθαρχήσεινι
1222 2218 1383 2309 ὑπισχνού-

312 2347 406 2415 μενοι·
425 2320 510 2389 καὶὸ
529 2321 582 2412 μὲν
601 2323 723 2414 Καῖσαρ
742 2324 853 2399 αύτούς
869 2348 904 2389 τε
922 2322 1072 2406 οἰκούσας,
1092 2319 1145 2389 καὶ
1161 2321 1385 2416 φιλοφρονησά-

312 2454 420 2522 μενος,
435 2426 486 2493 καὶ
502 2433 566 2505 τοῖς
583 2410 735 2520 Ῥωμαίοις
752 2426 857 2519 φίλους
875 2426 922 2494 ἀεὶ
938 2419 1089 2522 θιαμένειν
1107 2430 1295 2523 παραινέσας
1313 2431 1384 2496 ἀπε-

312 2531 471 2627 πέμψατο·
491 2535 608 2626 Κόμιόν
635 2559 670 2600 τε
691 2524 882 2627 4Ᾱτρεόάτην
911 2527 1032 2627 ἀνδρα,
1057 2535 1089 2603 όν
1112 2535 1385 2630 καταςρεψάμονος

313 2643 385 2720 τοὺς
399 2631 584 2736 Ᾰτρεύοίτας
599 2635 728 2709 ύασιλέοι
743 2646 844 2708 αὐτῶν
865 2642 1020 2727 ἐποίησεν,
1034 2641 1069 2710 ού
1084 2648 1141 2719 τόν
1160 2670 1196 2710 τε
1215 2648 1321 2738 ῥύμην
1338 2643 1385 2710 καὶ

313 2751 370 2822 τὴν
392 2743 504 2820 ύουλὴν
520 2738 712 2839 ἀπεδέχετο,
726 2749 817 2825 πιςόν
842 2747 869 2814 θ’
884 2753 970 2835 αὑτῷ
989 2743 1051 2833 (ὡς
1071 2746 1200 2844 ἠγεῖτο)
1223 2751 1320 2836 ὄντα,
1339 2749 1384 2817 καὶ

314 2857 394 2949 μέγα
414 2856 443 2952 έν
463 2855 587 2932 τούτοις
602 2853 794 2946 κτησάμενον
814 2862 879 2932 τοῖς
896 2855 1005 2932 τύποις
1023 2855 1131 2948 ὄνομα·
1146 2855 1249 2943 ἐκείνῳ
1266 2853 1384 2952 πρὸςᾶι

315 2954 442 3028 δύναιτο
457 2970 513 3036 τῆς
531 2959 718 3053 Βρηταννέας
732 2960 868 3028 ἀπιόντα
880 2959 1002 3044 πόλεις,
1017 2961 1114 3040 αὐτὰς
1130 2961 1222 3052 φιλας
1238 2971 1306 3043 τοῖς
1321 2949 1384 3030 Ῥυ-

313 3066 414 3161 μαίοις
435 3065 571 3160 γενέσθαι
591 3072 794 3158 παρακαλεῖν,
809 3068 862 3134 καὶ
875 3067 929 3133 τὸν
945 3065 1090 3161 Καίσαρα
1103 3074 1142 3146 ὡς
1161 3068 1284 3161 τοίχιςα
1296 3070 1384 3162 παρέ·

315 3174 437 3255 σεσθαι,
452 3172 656 3266 ἀπαγγέλλειν
680 3173 854 3255 έπιτειλας,
871 3171 925 3264 ἀμ’
948 3176 1053 3252 αὐτοῖς
1078 3173 1281 3267 συνέπεμψεν.
1303 3163 1332 3241 ί)
1353 3165 1384 3239 δέ

315 3282 503 3356 Βολουσῆνος
517 3281 604 3357 ὅσους
613 3270 748 3353 ηθυνηθη
766 3279 828 3346 ἀπὸ
842 3289 900 3356 τῆς
913 3281 985 3357 νεὼς
1001 3282 1245 3360 κατασκοπύσας
1258 3283 1384 3373 τόπους,
1482 3296 1483 3301 ’

317 3389 396 3476 μήτε
412 3387 570 3476 τολμήσας
590 3395 653 3468 τῆς,
666 3387 738 3463 νεὼς
757 3379 849 3461 έκόάς
869 3386 978 3453 ἑαυτὸν
996 3394 1061 3464 τοῖς
1082 3381 1249 3480 βαρόοέροις
1273 3380 1384 3468 δεῖξαι,
1481 3372 1483 3379 s

316 3495 491 3584 πεμπταῖος
511 3493 587 3584 πρὸς
602 3492 654 3558 τὸν
670 3490 815 3584 Καίσαρα
832 3491 1016 3576 ἐπανῆλθεν,
1029 3494 1051 3560 ἀ
1066 3519 1098 3560 τε
1117 3493 1289 3586 κατέμαθεν
1306 3497 1385 3578 αὐτῷ

316 3599 507 3693 ἀπόγγειλεν.
759 3657 763 3664 .

370 3707 479 3771 XXII.
490 3689 533 3769 Εν
550 3706 673 3781 τούτοις
688 3695 723 3770 δὲ
737 3711 802 3782 τοῖς
817 3706 924 3781 τόποις
938 3716 995 3773 τοῦ
1004 3706 1159 3800 Καίσαρος
1167 3706 1238 3800 περὶ
1252 3706 1308 3785 τὰς
1319 3714 1383 3780 ναῖς

317 3815 417 3910 ὄντος,
426 3810 489 3877 ἀπὸ
497 3809 689 3888 τοῦπλείςου
703 3817 765 3877 τῶν
776 3809 916 3904 Μορένων
927 3813 1035 3906 μέρους
1042 3807 1183 3906 πρέσόεις
1197 3823 1256 3892 τῆς
1263 3811 1383 3906 πρόσθεν

317 3929 400 4000 σφῶν
414 3919 539 4010 γνώμης
554 3917 813 4010 ἀπολογούμενοι,
828 3917 881 3984 καὶ
995 3921 1081 4011 ύμην
1093 3919 1267 4004 αἰτοῦντες,
1280 3922 1329 3985 ότι
1341 3920 1385 3984 οώ-

318 4028 367 4091 τοὶ
385 4014 492 4116 ἀνδρες
511 4017 680 4117 όοίρύαροι,
703 4022 755 4089 καὶ
777 4032 834 4102 τῆς
853 3943 1081 4117 τῶόυθάινμαίων
1100 4025 1257 4103 συνηθείας
1275 4021 1384 4116 ἀπειρόν

318 4131 419 4212 ὅντες,
439 4134 543 4206 αὐτοῖς
565 4133 837 4222 πεπολεμύκισαν,
856 4128 969 4198 καὶτὰ
989 4133 1043 4199 ὑπ’
1060 4135 1157 4202 αὐτοῦ
1175 4127 1383 4225 προςαχθησύ·
