3000 5025
299 461 370 535 132
510 462 539 529 J.
568 456 726 528 CELSI
754 451 1151 524 COMMENTARII

294 594 366 683 illo,
385 616 484 689 quem
507 593 633 677 Caesar,
653 603 730 657 ante
752 612 876 682 paucos
898 584 988 672 dies,
1006 586 1041 652 in
1059 582 1211 653 civilium
1234 582 1370 651 seditio·

294 710 375 771 num
395 699 591 769 diremtione
609 694 809 791 praetulerat.
826 695 858 761 Ο
872 716 973 787 quam
990 689 1085 760 facile
1099 690 1238 784 ingratis
1249 690 1370 757 animis

293 831 494 903 magnorum
515 803 593 873 licet
614 817 714 896 atque
738 801 922 869 recentium
953 797 1191 867 beneficiorum
1218 795 1372 890 subrepit

294 907 437 989 obliviol
450 910 510 981 Ille
523 934 556 979 se
564 908 697 1003 quidem
709 906 872 976 beneficio
881 904 1079 974 obstrictum
1095 904 1236 972 Caesaris
1245 903 1370 989 fassus,

294 1020 384 1115 quod
403 1018 465 1089 sibi
480 1017 661 1110 justissima
679 1030 792 1082 tamen
808 1012 944 1081 favisset
961 1012 996 1080 in
1009 1012 1264 1094 causa;.omissa
1274 1032 1370 1077 men·

292 1129 382 1197 tione
400 1126 565 1219 pecuniae,
584 1146 685 1216 quam
702 1134 742 1189 ut
760 1120 921 1189 Romanis
932 1117 1041 1187 fidem
1057 1116 1226 1211 frangeret
1242 1115 1285 1184 ab
1306 1116 1370 1184 Ar·

294 1234 405 1303 vernis
427 1242 618 1325 acceperat,
637 1252 741 1321 quum
764 1224 857 1295 nulla
877 1226 920 1293 sit
937 1223 1087 1319 perfidia,
1099 1224 1243 1318 turpior,
1266 1245 1371 1316 quam

293 1341 347 1415 cui
357 1340 645 1411 avaritiaoausam
659 1334 766 1419 dedit,
776 1332 930 1425 foedoque
945 1333 1118 1425 proposito
1134 1328 1246 1399 velum
1260 1352 1372 1399 causae

292 1446 492 1517 honestioris
511 1440 712 1529 obtendens,
735 1454 769 1507 et
790 1438 864 1534 plus
880 1464 916 1508 se
937 1437 1097 1525 libertati,
1116 1438 1371 1532 patriaequeas·

292 1576 404 1623 serens
426 1549 547 1619 debere
566 1572 667 1642 quam
687 1548 827 1634 Caesari,
843 1544 1010 1615 nonnullis
1029 1542 1295 1613 adolescentibus
1314 1568 1373 1613 no·

290 1658 414 1727 bilibus
433 1680 472 1726 ac
495 1655 645 1749 superbis
667 1653 765 1723 facile
783 1652 965 1748 persuasit,
981 1668 1187 1721 utromanoe
1206 1654 1373 1721 amict'tiae

290 1766 462 1835 vinculum
484 1764 555 1833 leve
574 1762 798 1846 discuterent3
812 1784 917 1854 seque
928 1782 999 1827 non
1011 1760 1122 1827 solum
1140 1756 1371 1827 libertatem·

290 1887 345 1941 tos
353 1922 365 1959 ‚
378 1870 444 1941 aed
453 1874 593 1965 imperto
608 1870 1007 1951 memmusent5.unr‘cam
1020 1889 1095 1934 esse
1105 1864 1222 1934 urbem
1237 1864 1373 1933 AEduo·

289 2002 382 2063 rum,
402 1999 482 2071 quae
496 1981 600 2045 totius
612 1975 741 2044 Galate
750 1977 932 2041 viatorium
948 1987 1154 2041 renwretw:
1167 1971 1241 2062 cpias
1252 1992 1372 2041 exem·

286 2087 384 2181 plum
404 2086 503 2177 sequi
526 2082 637 2166 aaran
661 2080 730 2149 aaa
756 2078 810 2149 ad
826 2102 1003 2147 commune
1027 2078 1152 2148 bonum
1180 2078 1368 2165 redeunte,
1413 2086 1422 2093 “

290 2206 437 2269 caeteras
456 2203 666 2259 seauturas:
692 2210 757 2255 nec
776 2188 960 2272 Romanis,
983 2184 1044 2254 ubi
1066 2185 1226 2281 deinceps
1240 2184 1373 2280 pedem

283 2300 481 2395 portantia
505 2295 646 2378 Gallia,
674 2316 859 2387 superesse.
883 2294 1007 2386 Neque
1026 2316 1109 2361 vero
1122 2307 1259 2387 praeter
1271 2296 1374 2386 rgna-

289 2401 600 2473 or'amvAEdzwrum
623 2403 808 2493 quicquam
835 2421 955 2468 cature
978 2422 1074 2483 esse,
1103 2422 1165 2468 cur
1193 2401 1377 2477 Romanos

261 2571 263 2575 ,
290 2513 402 2604 magis
423 2506 553 2594 AEdui,
575 2529 681 2602 quam
701 2508 853 2590 Romanas
868 2504 1006 2575 AEduos
1024 2504 1068 2574 de
1080 2510 1155 2574 aura
1168 2509 1372 2600 quasnam-

290 2617 353 2687 bu's
370 2615 510 2686 adeam.
534 2616 619 2685 Non
637 2613 716 2692 lzoee
731 2613 885 2708 amplum
904 2611 1088 2682 toleranda
1108 2635 1183 2681 esse
1195 2637 1207 2681 .·
1221 2612 1288 2681 sed
1297 2616 1372 2684 Cae·

289 2728 365 2802 ,tari
380 2745 426 2792 ae
446 2724 612 2792 Romanis
632 2719 897 2805 osteadendmn,
917 2734 954 2787 et
973 2717 1098 2788 liberos
1116 2743 1173 2805 se,
1197 2733 1234 2787 et
1251 2723 1369 2809 odos,

290 2847 327 2900 et
353 2829 515 2902 Gazoros.
549 2829 593 2896 Et
621 2851 738 2897 eorum
763 2826 899 2920 quidem
925 2824 1185 2894 adolescentium
1207 2827 1371 2921 princeps

290 2951 363 3008 erat
381 2936 565 3004 Litavictus
579 2932 736 3026 quidam,-
751 2933 888 3027 ejusque
906 2933 1074 3026 germani,
1091 2933 1150 3026 qui
1163 2933 1231 3000 cito
1248 2956 1370 3006 omnes

291 3068 360 3112 non
371 3037 568 3126 concilium,
580 3039 638 3108 sed
655 3053 826 3142 auctorem
838 3036 966 3108 consilii
984 3039 1196 3126 extimantes,
1212 3040 1371 3132 senioris,

291 3165 392 3243 atque
413 3147 627 3241 potentioris,
654 3160 688 3214 et
712 3147 910 3240 magistratu
931 3169 1063 3214 summo
1082 3145 1213 3239 praediti
1234 3148 1270 3213 in
1292 3171 1371 3220 sen·

291 3257 432 3329 tentiam
446 3255 669 3322 transierunt:
693 3251 750 3321 sed
772 3252 940 3320 civitatem
960 3251 1199 3321 beneficiorum
1223 3253 1370 3323 Caesaris

293 3360 443 3432 oblivisci
464 3384 560 3454 posse
579 3358 819 3454 desperabant,
837 3382 900 3426 nec
918 3357 1076 3429 credibile
1092 3357 1285 3431 videbatur:
1300 3359 1370 3430 alia

293 3468 336 3538 ad
353 3467 387 3536 id
402 3469 456 3536 via
470 3464 710 3537 fraudulentior
721 3466 857 3532 inventa
874 3479 944 3536 est:
961 3464 1061 3534 stulta
1072 3480 1184 3536 tamen
1202 3467 1370 3556 inventio,

204 3589 208 3594 “
293 3589 328 3646 et
344 3573 572 3643 inventoribus
585 3575 651 3642 suis
669 3571 789 3665 digna,
807 3595 935 3642 eavero
945 3571 1008 3640 lirit
1018 3571 1220 3665 hujusmodi.
1235 3571 1373 3645 Auxilia

294 3705 368 3775 ,quae
387 3681 430 3749 ab
448 3679 564 3750 AEduis
585 3676 747 3747 mittenda
769 3681 1043 3768 monstravimus,
1065 3692 1104 3747 ut
1122 3680 1291 3748 Litavicto
1306 3678 1369 3758 du·

295 3787 400 3868 cenda
416 3788 703 3858 committerentur
715 3837 726 3872 ,
738 3782 779 3878 id
800 3785 951 3879 quidem,
973 3785 1066 3859 nullo
1087 3787 1240 3880 negotio,
1258 3786 1368 3881 impe·

295 3907 419 3963 tratum
444 3905 502 3962 est.
531 3893 565 3960 Is
590 3915 690 3986 ergo,
718 3894 894 3986 premissis
923 3891 967 3962 ad
996 3893 1162 3962 Caesarem
1186 3891 1369 3982 fratribus,

295 4000 377 4095 quid
389 3999 432 4070 de
441 3997 568 4092 reliquo
584 3999 649 4066 sint
659 4001 770 4067 acturi
781 4023 859 4069 cum
866 3999 989 4073 eisdem
1001 3999 1142 4069 ordinet.
1157 4001 1273 4088 Quum
1284 4022 1368 4094 ergo

191 4157 195 4160 -
295 4107 440 4190 romanis
455 4108 582 4184 ‚castris
609 4130 687 4177 cum
711 4108 865 4184 exercitu,
881 4108 1141 4202 propinquaret,
1162 4130 1270 4201 neque
1295 4105 1368 4199 jain
