3000 5025
260 462 309 535 56
469 466 686 536 JsCEle
715 462 1113 534 COMMENTARII

256 598 407 669 forttmae,
424 600 542 693 saepius
571 598 781 667 committere
792 609 854 684 ,et
875 583 999 680 rursus
1012 608 1161 662 extrema
1174 606 1340 680 tentare,

258 705 346 775 inde.
361 707 483 775 statim.
501 704 606 773 nullo·
623 704 778 773 obstante
800 704 834 769 in
856 701 1077 795 Allobroges,
1091 700 1257 769 coloniam
1284 725 1339 768 ro·

259 828 416 898 manamn,
435 828 486 881 est
517 836 689 897 reversus;
711 824 811 904 atque
839 808 885 876 ibi
917 807 1113 902 tranquillus
1138 808 1344 876 hibernavit

258 916 339 985 Alia
350 918 490 989 subinde
506 917 584 987 belli
605 918 744 987 materia
762 941 823 1011 per
841 916 935 984 ducis
955 915 1140 984 absentiam
1161 928 1235 983 orta
1257 927 1348 982 erat:

259 1022 396 1094 Publius
424 1026 583 1111 Crassus,
606 1026 759 1119 egregius
786 1022 998 1109 adolescens,
1021 1047 1098 1090 cum
1124 1023 1265 1116 septima
1292 1018 1338 1088 le·
1387 1076 1390 1079 .
1443 1042 1448 1045 ·

259 1131 358 1224 gione
384 1132 537 1201 dimissus
552 1156 581 1199 a
603 1134 734 1201 Caesare
762 1154 857 1199 secus
884 1132 1058 1199 Oceanum
1080 1128 1277 1196 hibernavit.
1305 1128 1342 1194 Is

258 1237 418 1307 frumenti
427 1240 551 1333 inopia.
560 1237 603 1306 ad
616 1238 793 1327 finitimos,
809 1235 935 1330 legatos
949 1234 1116 1330 singulos,
1135 1234 1177 1303 ad
1191 1237 1342 1304 Venetos

260 1368 362 1432 vero,
382 1347 532 1439 geminos
553 1344 752 1413 destinavit:
775 1343 875 1437 quod·
888 1368 969 1437 gens
996 1341 1052 1411 illa
1078 1356 1165 1411 esset
1189 1342 1343 1409 omnium

261 1451 332 1543 ejus
350 1452 493 1545 regionis
516 1452 766 1545 potentissima,
783 1451 878 1544 cujus
889 1450 999 1519 »hodie
1020 1449 1111 1543 quod
1125 1449 1246 1536 sciam,
1264 1438 1278 1535 (
1295 1449 1345 1517 sic

162 1623 165 1633 s
261 1570 435 1627 transeunt
448 1583 500 1626 res
519 1554 720 1647 htunanael)
738 1582 780 1625 ne
796 1582 919 1625 nomen
938 1556 1073 1651 quidem
1092 1570 1151 1624 aut
1163 1556 1343 1648 vestigium

262 1663 368 1735 ullum
385 1678 485 1733 extat.
500 1664 553 1733 Illi
568 1680 680 1733 autem
700 1666 902 1757 cogitantes,
916 1664 981 1731 hoc
995 1662 1143 1732 fortassis
1157 1661 1258 1729 modo
1271 1685 1345 1729 sese

263 1770 406 1859 obsides,
418 1796 501 1865 quos
511 1774 671 1841 Romanis
681 1795 750 1840 non
763 1785 882 1865 sponte
890 1769 1065 1856 dederant,
1076 1782 1345 1862 recuperaturos,

263 1875 391 1970 legatos
400 1877 632 1963 detinuerunt,
645 1900 684 1945 ac
699 1876 840 1945 vinculis
852 1878 1093 1945 astrinxerunt:
1112 1876 1178 1944 boc
1190 1873 1346 1968 exemplo

264 1982 594 2077 fretitpopulivicini,
612 1997 651 2051 ut
667 1983 789 2076 quibus
800 1982 886 2051 levia
896 1982 1097 2076 mobilisque
1108 1996 1185 2051 sunt
1197 1982 1347 2075 ingenia,

264 2087 511 2183 legatosetiam
529 2089 572 2157 ad
591 2114 625 2157 se
645 2090 764 2158 missos
785 2089 893 2157 redire
915 2089 957 2157 ad
980 2114 1058 2159 suos
1076 2090 1148 2182 pari
1171 2090 1347 2182 proposito

265 2210 411 2265 vetuere.
427 2198 521 2264 Dum
538 2196 611 2264 haec
625 2196 784 2265 adversus
801 2199 973 2264 Romanos
991 2198 1025 2263 in
1044 2194 1160 2264 Galliis
1176 2208 1295 2263 contra
1312 2195 1349 2263 fi-

266 2300 343 2369 dem
359 2317 548 2396 contraque
562 2302 617 2395 jus
641 2304 790 2397 gentium
812 2317 1008 2396 agerentur,
1025 2302 1138 2370 Caesar
1159 2300 1242 2371 nihil
1268 2301 1349 2371 inde

268 2408 445 2496 sollicitus,
462 2408 554 2503 quod
572 2423 702 2503 paqata
730 2412 844 2477 omnia
870 2408 1090 2496 existimaret,
1110 2409 1145 2475 in
1165 2407 1347 2501 illyricum
1451 2410 1457 2423 '
1485 2421 1486 2428 ’

180 2513 181 2520 '
264 2515 335 2608 jam
354 2516 525 2610 profectus
544 2532 633 2604 erat,
651 2530 689 2584 ut
703 2519 730 2585 is
744 2519 801 2610 qui
818 2532 923 2585 terras
941 2518 1127 2610 incognitas
1146 2539 1185 2584 ac
1200 2517 1347 2586 remotas

268 2622 547 2692 videndiinfinita
560 2622 714 2718 cupidine
732 2625 930 2692 traheretur.
949 2610 1158 2691 Erat'autem
1175 2621 1347 2717 Illyricum

268 2730 450 2823 provinciae
468 2755 534 2800 suae
552 2755 650 2824 pars,
673 2729 826 2824 legesibi
846 2730 979 2798 Vatinia
1001 2729 1230 2824 superaddita,
1251 2731 1348 2823 cujus

268 2833 419 2904 latissimi
446 2835 529 2905 fines
550 2852 653 2924 ·sunt;
675 2836 755 2905 hinc
776 2836 873 2906 Italia
898 2838 1113 2931 superiorque
1144 2839 1348 2925 Germania3

269 2941 346 3011 inde
368 2942 567 3010 Macedonia
585 2958 619 3011 et
642 2942 784 3011 lbracia
806 2959 839 3012 et
859 2945 1000 3037 Epirus:
1013 2943 1093 3011 hinc
1116 2944 1207 3011 sinus
1229 2943 1348 3011 Adria·
1388 3009 1391 3012 Α
1484 2978 1487 2995 1

269 3050 373 3118 ticus:
392 3048 474 3117 inde,
489 3051 651 3118 maximus
674 3051 779 3118 nostri
791 3050 881 3118 orbis
893 3050 1041 3117 amnium
1060 3049 1244 3118 Danubius.
1260 3051 1349 3118 Sane

268 3153 341 3226 hac
355 3153 533 3224 rebellione
556 3157 668 3227 Crassi
688 3155 805 3225 litteris
827 3157 978 3224 nuntiata
994 3155 1201 3224 remandavit
1219 3158 1349 3246 Caesar,

270 3276 309 3330 ut
318 3263 476 3356 inLigeri
485 3316 495 3351 ,
505 3262 666 3357 praeclaro
679 3287 776 3331 amne
788 3261 991 3351 Galliarum,
1003 3264 1060 3356 qui
1071 3287 1194 3332 nomen
1204 3277 1237 3331 et
1246 3287 1350 3356 aquas

270 3369 305 3436 in
324 3370 596 3459 Oceanumfert,
618 3368 756 3443 classem
773 3373 909 3437 navium
924 3368 1099 3464 longarum
1117 3385 1279 3463 quantum
1292 3394 1351 3463 po-

271 3487 336 3544 test
349 3490 536 3566 extrueret,
552 3477 790 3571 gubernatores
804 3501 843 3544 ac
861 3479 1002 3571 remiges
1024 3502 1065 3544 ex
1083 3478 1255 3572 provincia
1273 3501 1352 3544 con-

272 3583 437 3676 quireret3
459 3598 497 3651 ut
518 3585 590 3678 ipse
612 3608 688 3652 cum
709 3583 762 3651 his
783 3584 888 3677 copiis
905 3583 948 3651 ad
969 3584 1277 3653 hostesOceanum
1299 3605 1352 3652 ac·

273 3687 419 3758 colentes
443 3689 588 3758 secundo
610 3675 705 3758 alveo
726 3689 951 3759 descenderet.
974 3693 1018 3760 Et
1039 3691 1126 3759 idem
1149 3692 1220 3784 ipse
1239 3688 1350 3779 illico,

272 3809 312 3864 ut
325 3794 399 3864 coeli
417 3795 618 3890 Alpiumque
631 3794 779 3865 conditio
793 3798 983 3867 hominibus
999 3796 1069 3866 ullo
1082 3796 1184 3866 modo
1198 3821 1351 3891 permea-

272 3899 339 3970 bile
363 3901 700 3990 iter1·fecit,.dimisso
721 3902 877 3998 Illyrico,
897 3904 1164 3973 festinantissime
1188 3906 1352 3974 remeavit

272 4009 308 4077 in
336 4008 468 4080 Gallias.
492 4012 585 4079 Cum
601 4011 688 4080 enim
712 4009 813 4081 haud.
825 4011 928 4081 dubio
949 4025 1087 4081 cunctos
1108 4012 1254 4080 honores
1275 4036 1350 4080 om·

274 4116 377 4190 nium·
393 4115 661 4190 bellicavirtute
690 4122 878 4214 superavit,
894 4132 927 4188 et
947 4117 1030 4189 alios
1055 4133 1091 4186 et-
1114 4119 1259 4212 seipsum
1287 4141 1350 4187 sua
