3000 5025
242 466 808 557 ινιιεεινιιεεσειπευε.
838 489 934 556 Lm.
963 488 1052 556 vn.
1111 483 1185 582 539

110 619 311 708 κρατήσειαν,
325 620 413 696 τέλος
430 617 555 687 πάντων
576 620 677 688 πόνων
695 611 912 713 προσεδόκυυν·
928 621 1047 713 μάλιςα
1066 613 1095 687 δ’
1110 622 1138 690 οἱ
1156 624 1185 687 ἐν

109 731 154 810 τῷ
168 726 200 790 ἐν
217 732 282 802 τοῖς
301 722 403 817 ἄκροις
422 718 609 819 ςρατοπέδῳ
621 725 665 820 ,ᾗ
685 726 859 818 πεμφθῆναι
877 728 931 794 τὸν
946 725 1189 821 Βεργασιλαυνον·

107 829 306 922 προείρηται,
333 832 361 898 οἱ
382 817 519 925 Ρωμαῖοι
554 834 715 906 ἐπόνησαν·
740 825 920 925 (δυσχωρία
946 834 999 924 μέν
1015 831 1107 927 γὰρ,
1135 833 1187 901 καὶ

106 936 300 1028 ἀκρωνυχία,
312 937 352 1016 εἰς
372 940 410 1006 τὸ
428 939 579 1017 κάταντες
597 941 748 1031 φέρουσα,
764 938 894 1032 ἰσχυρῶς
907 940 983 1032 πρὸς
997 949 1091 1008 τοῦτο
1111 964 1186 1031 σομ-

107 1036 240 1126 ἀαλλει)
259 1044 288 1110 οἱ
308 1044 361 1137 μὲν
379 1043 440 1139 γὰρ
461 1054 524 1112 τῶν
551 1044 679 1112 Γάλλων
707 1041 782 1118 όέλη
805 1047 923 1135 ἀφιᾶσι·
945 1045 972 1114 οἱ
995 1037 1030 1112 δὲ
1052 1047 1109 1118 τὴν
1131 1071 1185 1140 χε·

105 1150 207 1222 λώνην
232 1153 429 1234 ποιήσαντες,
443 1153 635 1244 ἐπέρχονται·
663 1154 740 1244 πρὸς
768 1153 890 1229 τούτοις
918 1143 954 1218 δὲ
972 1152 1044 1230 τοὺς
1064 1151 1185 1246 ἀπαγου

109 1256 267 1346 ρεόοντας,
283 1253 371 1324 ἀλλυι
389 1257 562 1349 ἀκραιφνεῖς
581 1249 791 1350 διαδέχονται·
812 1259 920 1326 ἔπειτα
940 1248 975 1324 δέ
993 1257 1107 1334 πάντες
1129 1267 1185 1353 γῆν

107 1359 148 1439 εἰς
167 1362 205 1429 τὸ
227 1363 323 1455 ἔρυμα
337 1357 561 1431 ἐπιόάλλουσιν·
583 1362 665 1432 ἐκαὶ
684 1371 749 1442 τοῖς
769 1364 898 1442 Γοίλλυις
922 1367 978 1439 τὴν
1003 1355 1112 1455 Ιέφοδον
1133 1370 1186 1455 ῥα·

109 1457 178 1534 δίαν
191 1461 412 1563 ἀπειργάζετο,
422 1469 475 1536 καὶ
488 1467 530 1536 τέι
542 1471 602 1538 ὑπὸ
621 1478 683 1536 τῶν
697 1456 846 1562 Ῥωμαίων
862 1473 892 1536 ἐν
907 1482 947 1564 τῇ
963 1479 1002 1564 γῇ
1016 1469 1187 1563 κρυφθέντα

108 1573 274 1642 ἐκάλυπτε.
290 1559 356 1653 ίλςε
369 1567 431 1650 ἤδη
447 1582 511 1654 τοῖς
529 1562 681 1670 Ρωμαίυις
694 1575 747 1644 καὶ
762 1575 863 1669 ἰσχὺς,
873 1575 925 1643 καὶ
934 1580 1017 1644 όπλα
1030 1578 1186 1643 ἐπελιπον.

160 1682 355 1750 LXXXVI.
374 1685 476 1750 Τοῦτο
491 1683 545 1776 μέν
567 1680 618 1750 οὖν
636 1674 773 1752 κατιδὼν
795 1689 811 1750 ὁ
835 1685 976 1774 Καῖσαρ,
990 1684 1044 1751 τὸν
1066 1677 1187 1760 Λαίιηῳ

106 1787 177 1874 νόν,
193 1780 229 1865 ἐξ
259 1786 384 1881 σπείρας
416 1793 501 1877 αὐτῷ
533 1781 622 1876 δοὺς,
648 1791 768 1867 τούτοις
797 1788 837 1867 εἰς
867 1782 1006 1863 όοόθειοιν
1035 1785 1188 1881 ἔπεμψεν,

106 1891 211 1981 ἐκείνῳ
226 1892 456 1989 παραγγείλας,
471 1895 495 1962 εἰ
517 1895 570 1987 μέν
590 1896 748 1987 ὑπομένειν
767 1897 901 1969 τὴντῶν
918 1895 1072 1990 πολεμίων
1091 1897 1186 1988 ὁρμὴν

106 2002 148 2089 μὴ
160 1991 306 2088 διίναιτο,
317 1998 375 2079 τάς
387 2001 512 2095 σπείρας
526 1996 734 2097 ἐξαγαγόντα,
745 2002 849 2093 μάχην
863 2000 1038 2068 συνάπτειν·
1055 2001 1080 2067 εἰ
1095 1993 1129 2067 δὲ
1143 2003 1184 2093 μη

108 2103 218 2200 ἰσχυρὰ
237 2106 355 2202 ἀνάγκη
378 2107 538 2202 περιςαίη,
557 2119 653 2176 τοῦτο
675 2111 717 2200 μὴ
743 2116 849 2176 ποιεῖν.
872 2109 974 2185 Αὐτὸς
996 2099 1031 2174 δὲ
1047 2107 1097 2173 ἐπὶ
1115 2108 1187 2186 τοὺς

106 2209 219 2292 ἀλλους
244 2213 400 2301 ἀπελθὼν,
419 2217 639 2310 παρεκελεύετο
666 2217 709 2307 μὴ
734 2214 889 2290 ἡττᾶσθαι
909 2223 965 2281 τοῦ
989 2215 1104 2300 πόνου,
1123 2222 1185 2282 τῶν

106 2329 214 2388 πασῶν
232 2329 294 2387 τῶν
314 2322 441 2412 πρόσθεν
465 2330 572 2415 μαχῶν
595 2322 712 2415 καρπὸν
729 2322 766 2387 ’ἐν
795 2322 895 2414 ταύτῃ
924 2329 964 2414 τῇ
990 2325 1054 2414 ὥρᾳ
1071 2320 1187 2418 κεῖσθαι

107 2417 278 2494 διδάσκων.
297 2427 339 2492 Οἱ
352 2419 382 2494 δ’
397 2431 432 2496 ἐκ
449 2440 506 2505 τῆς
518 2429 655 2514 πόλεως,
669 2437 725 2495 τοῦ
744 2429 817 2506 τοὺς
835 2431 864 2494 ἐν
887 2437 934 2514 τῷ
951 2418 1050 2515 πεδίῳ
1070 2427 1185 2506 τόπους

107 2529 294 2602 καταλαόεῒν
314 2526 369 2603 διὰ
388 2537 426 2603 τὸ
439 2535 555 2613 πλῆθος
579 2546 641 2603 τῶν
660 2538 837 2627 ἀχυρώσεων
859 2528 1088 2617 ἀνελπίζοντες,
1109 2537 1184 2627 πρὸς

106 2640 179 2719 τοὺς
198 2642 312 2719 τόπους
334 2641 511 2733 ἀποτόμους
532 2644 696 2733 ἐπειρῶντο
714 2635 898 2707 ἀναθαίνειν.
911 2624 1074 2723 Ἐνταῦθα,
1089 2636 1110 2706 ἀ
1123 2668 1187 2708 πα-

107 2750 310 2839 ρεσκεύασαν,
332 2751 558 2842 προσήνεγκαν,
579 2746 631 2814 καὶ
653 2755 776 2839 πρῶτον
800 2736 854 2838 μὲν
874 2745 982 2820 πλάθει
1002 2754 1063 2813 τῶν
1090 2748 1186 2831 βελῶν

106 2855 179 2931 τοὺς
198 2854 419 2947 ἀπομάχοντας
438 2862 500 2921 τῶν
518 2840 668 2946 Ρωμαίων
687 2852 912 2935 ἀπελάσαντες,
925 2850 1051 2944 χώματί
1067 2877 1122 2934 τε,
1135 2853 1187 2920 καὶ

106 2952 252 3054 ἐσχάραις
270 2957 328 3039 τάς
350 2961 485 3054 τάφρους
507 2962 735 3053 ἀνεπλήρωσαν·
753 2960 861 3026 ἔπειτα
876 2948 911 3025 δὲ
933 2968 998 3037 τοῖς
1025 2949 1186 3051 δρεπάνοις

107 3071 166 3142 τόν
186 3092 220 3133 τε
233 3068 386 3159 ἐσχάραν,
404 3065 455 3134 καὶ
470 3068 508 3135 τὸ
527 3068 623 3160 ἔρυμα
642 3067 832 3133 ἀπέκοπτον.

162 3174 372 3243 LXXXVII.
403 3158 433 3239 ί)
458 3163 493 3239 δέ
519 3176 640 3265 Καῖσαρ
671 3183 765 3240 τοῦτο
785 3164 879 3255 ἰδὼν,
899 3181 1023 3265 πρῶτον
1050 3173 1104 3265 μὲν
1131 3173 1185 3239 τὸν

104 3283 210 3347 Δέκιον
231 3284 365 3375 Βροῦτον
381 3281 434 3348 τὸν
453 3278 605 3347 νεανίσκον
628 3280 681 3346 σὺν
707 3268 741 3357 ἐξ
764 3277 915 3371 σπείραις,
929 3280 1037 3345 ἔπειτα
1069 3270 1104 3344 δὲ
1131 3280 1184 3344 σὺν

105 3384 216 3465 ἀλλαις
232 3384 316 3454 ἐπτδι
329 3388 383 3455 τὸν
402 3386 493 3454 Γάῖυν
507 3381 623 3454 Φάάιον
642 3382 693 3454 ἐπὶ
709 3388 766 3460 πλν
789 3384 934 3459 Βοόθειαν
949 3381 1077 3477 έπεμψε·
1096 3385 1186 3463 τέλος

106 3485 142 3559 δέ
162 3493 273 3576 αὐτὸς,
287 3484 392 3567 ἐπειδὴ
408 3493 436 3559 οἱ
454 3493 568 3560 Γάλλοι
582 3495 755 3587 ἐρρωμένως
769 3492 938 3584 ἐμάχοντο,
954 3490 1125 3585 ἀκραιφνεῖς
1146 3491 1186 3569 εἰς

105 3593 247 3673 ίίοιίθειαν
265 3600 393 3694 ἤγαγεν.
407 3586 633 3693 Ᾰνορθωθείσης
649 3591 684 3666 δέ
699 3610 755 3676 τῆς
774 3597 893 3691 μάχης,
905 3604 967 3664 τῶν
983 3623 1018 3664 τε
1031 3596 1185 3689 πολεμίων

106 3705 339 3789 ἀπελαθέντων,
351 3705 500 3790 ἐνταῦθα,
513 3704 534 3800 ἦ
548 3707 602 3774 τὸν
617 3699 772 3779 Λαάιηνὸν
794 3700 946 3797 ἐπεμψεν,
961 3703 1096 3788 ἀπῆλθε,
1112 3706 1186 3769 τέτ-

105 3810 202 3904 ταράς
226 3838 262 3879 τε
288 3811 411 3905 σπείρας
439 3815 472 3879 ἐκ
496 3821 552 3879 τοῦ
579 3810 707 3885 πλησίον
738 3814 890 3904 ε’ριίματος
921 3804 1099 3905 ἐξαγαγὼν,
1123 3818 1184 3877 τῶν

103 3918 221 3985 ἱππέων
237 3920 327 4013 μέρος
346 3919 399 4011 μὲν
415 3920 523 4001 ἐαυτὸν
535 3918 672 4002 ἔπεσθαι,
697 3920 786 4012 μέρος
801 3909 835 3984 δὲ
856 3917 912 3995 τάς
935 3920 966 3983 τ’
984 3911 1091 3995 ἔξωθεν
1110 3921 1184 4009 ὀχυ-

103 4026 208 4114 ρῶσεις
220 4027 364 4116 περιϊέναι
375 4024 428 4092 καὶ
442 4033 506 4104 τοῖς
527 4024 683 4117 πολεμίοις
697 4024 817 4092 ὄπισθεν
833 4023 1000 4093 ἐπικεῖσθαι
1019 4024 1183 4092 ἐκέλευσεν.

101 4115 131 4196 O
151 4120 187 4197 δὲ
200 4126 371 4216 Λαέιηνὸς,
384 4123 447 4207 ἤδη
461 4132 504 4199 τά
525 4159 560 4200 τε
578 4135 730 4225 χώματα,
743 4130 795 4199 καὶ
815 4132 846 4199 αἱ
866 4132 978 4224 τάφροι
998 4131 1071 4211 τοὺς
1090 4136 1183 4199 πολι·
