3000 5025
305 480 525 551 nevira
554 482 700 549 tumr
729 482 973 553 cussinis.
1123 492 1169 579 91

28 584 30 607 l
112 638 174 709 que
193 612 395 685 adsalutem
418 638 556 685 suorum
575 610 718 686 militum
737 616 951 709 pertinerent
967 615 1102 703 Hostis,
1116 616 1175 711 qui

112 737 252 817 expertus
275 734 490 815 agnosceret,
514 746 591 791 suos
611 723 772 792 Romanis
790 723 825 790 in
846 737 989 816 angusto
1008 725 1176 817 impuros,

113 828 215 915 edicit,
238 843 278 897 ut
305 827 379 901 telis
408 829 537 897 emireus
559 828 690 897 bostem
718 842 849 925 petent,
869 831 1007 925 propius
1028 855 1098 899 uon
1118 854 1175 900 ae·

90 956 94 977 ¹
113 935 233 1023 cedant,
251 960 361 1029 neque
379 960 517 1007 manum
538 950 735 1023 conserant,
756 936 815 1005 sed
839 937 1037 1006 instantibus
1053 961 1175 1032 parum

112 1042 272 1129 recedant,
292 1044 481 1137 instentque
500 1042 722 1113 cedentibus:
741 1058 776 1120 at
791 1042 885 1113 locus
902 1046 973 1138 ipse
983 1043 1077 1114 ducis
1092 1068 1173 1113 eon·

28 1194 30 1211 .
112 1147 204 1217 silium
228 1148 420 1241 adjuvabat.
443 1152 635 1245 Pugnatum
653 1164 737 1219 esta
748 1152 859 1245 primo
870 1176 969 1219 mane
989 1150 1033 1217 ad
1054 1150 1174 1220 horam

112 1254 165 1323 diei
173 1270 328 1325 octavam
339 1282 346 1323 ε
356 1282 462 1351 qutun
472 1258 604 1329 romani
613 1256 748 1345 milites,
761 1256 874 1327 multis
889 1256 966 1327 licet
980 1256 1177 1327 vulneribus

113 1362 225 1447 allecti,
247 1377 283 1431 et
304 1386 325 1429 e
346 1362 528 1434 formnaet
550 1364 592 1431 ab
614 1363 749 1433 alterius
771 1364 866 1434 ducis
886 1363 1009 1434 auxilio
1026 1364 1176 1433 destituti

110 1470 217 1541 acriter
229 1485 344 1540 tamen
358 1470 485 1558 adbuc,
506 1495 546 1539 se
568 1496 646 1557 suo,
665 1470 731 1539 hoe
754 1485 825 1558 est,
842 1494 984 1541 romano
999 1495 1094 1539 more
1108 1494 1177 1539 cer

111 1588 224 1663 tarent3
252 1591 327 1648 tum
348 1576 505 1659 demum,
527 1575 714 1647 fortissimis
735 1578 815 1647 viris
837 1602 857 1645 e
882 1575 1029 1671 legione,
1053 1577 1178 1671 partim

111 1684 237 1769 stuciis,
254 1684 380 1777 partim
398 1684 506 1769 eserie,
519 1707 624 1776 quum
639 1696 674 1751 et
689 1684 760 1776 ipse
771 1683 842 1775 jem
859 1681 988 1777 legates
1001 1686 1123 1769 Cotta,
1140 1683 1176 1751 in

28 1802 30 1855 l
110 1813 167 1881 quo
188 1789 259 1883 spei
283 1812 414 1860 summa
431 1804 519 1875 erat,
545 1790 640 1883 gravi
665 1791 735 1859 ictu
764 1788 870 1859 lunda
889 1790 971 1882 jacti
999 1787 1117 1883 lapidis
1137 1814 1176 1860 os

28 1964 30 1993 ,
111 1910 280 1983 contusus,
296 1895 400 1967 solitis
410 1896 604 1967 muneribus
616 1895 779 1966 obeundis
790 1894 955 1965 invalidus
965 1894 1177 1984 redderemr3

28 2000 30 2075 l
109 2001 259 2071 inclmare
280 2028 334 2071 res
357 2004 457 2097 eoepit
476 2026 516 2071 ao
536 2026 642 2073 ruere.
661 2003 809 2073 Titurius
823 2017 906 2072 tunc
926 2005 1072 2097 primum
1085 2000 1179 2073 intel·

112 2106 202 2201 ligere
226 2110 389 2204 incipiens
420 2111 471 2181 sui
502 2110 681 2204 pertinacis
702 2109 832 2179 consilii
855 2111 1055 2197 vanitatem,
1086 2111 1179 2177 omni

28 2256 30 2309 ,
114 2238 162 2309 spe
179 2214 381 2289 defensionis
393 2218 531 2303 omisso,
545 2240 692 2287 rnnrauae
705 2218 759 2285 vir
776 2216 924 2287 fortassis
939 2217 1091 2311 originis,
1108 2240 1179 2284 nou

28 2330 29 2341 ¹
114 2345 248 2394 romanae
269 2324 420 2412 virtutis,
442 2323 669 2416 Ambiorigem
690 2323 733 2391 ab
755 2322 898 2393 adverso
919 2348 997 2392 suos
1018 2324 1178 2416 instigan-

115 2441 171 2497 tem
191 2430 414 2526 prospiciens,
435 2430 650 2525 interpretem
673 2429 853 2524 quemdam
879 2429 924 2498 ad
951 2428 1045 2497 illum
1065 2428 1179 2524 bospi-

28 2583 30 2628 ,
115 2548 171 2604 tem
190 2562 291 2606 suum
314 2538 425 2624 misit,
445 2551 596 2624 oratum,
622 2552 661 2606 ut
683 2537 744 2606 sibi
767 2539 901 2631 suisque
922 2536 1081 2606 militibus
1103 2561 1180 2631 por·
1254 2532 1257 2542 ’

114 2658 234 2716 teretur
249 2670 257 2710 :
281 2645 374 2714 omni
388 2643 566 2738 ,indignum
583 2645 652 2712 vite
672 2645 801 2731 virum,
814 2645 874 2736 qui
887 2642 1082 2737 suppliciter
1095 2642 1180 2712 adeo

28 2737 30 2826 i
113 2750 204 2820 vitam
226 2763 362 2845 poscat,
380 2751 485 2822 hostis
506 2750 549 2822 ab
569 2750 684 2836 hoste,
707 2752 881 2818 Romanus
905 2773 927 2816 a
951 2745 1112 2816 barbarol
1135 2751 1180 2818 At

28 2877 30 2954 ζ
113 2854 158 2924 ille
174 2858 297 2952 hospes
320 2859 489 2950 egregius,
513 2881 581 2927 non
603 2869 780 2926 consonus
800 2855 903 2925 iidem
925 2853 1094 2950 ptrblicum
1115 2854 1181 2924 fre·

28 2979 30 3064 l
114 2965 280 3056 gisse,niei
293 2965 461 3058 privatum
470 2963 525 3056 jus
539 2961 764 3058 hospitii,illa
776 2976 872 3034 aetate
886 2961 1183 3058 religiosissimum,

28 3065 29 3068 ¹
114 3069 260 3159 violaret,
279 3070 452 3165 respondit
478 3071 672 3164 interpreti,
692 3095 790 3164 posse
809 3070 993 3158 Titurium,
1013 3069 1043 3138 si
1063 3068 1181 3157 libeut,

28 3167 30 3216 t
114 3176 149 3250 ed
168 3177 372 3272 colloquium
394 3178 585 3271 pervenire,
612 3201 681 3248 non
703 3201 738 3246 ss
759 3176 939 3270 desperare
965 3198 1183 3244 romanorum

114 3282 246 3356 militum
272 3282 414 3356 salutem
442 3307 462 3352 a
488 3285 556 3356 suis
585 3281 743 3352 militibus
768 3284 941 3378 impetrari
963 3307 1090 3377 posse:
1121 3282 1183 3350 sibi

28 3443 30 3482 ,
113 3413 204 3481 reio,
233 3393 261 3464 si
288 3392 417 3479 ventat,
444 3389 528 3462 rribil
549 3415 620 3460 esse
645 3389 799 3484 periculi,
817 3391 919 3484 inque
939 3389 1005 3458 hoc
1028 3412 1123 3458 suam
1149 3410 1185 3460 se

28 3491 30 3568 ἱ
114 3495 206 3568 fidem
227 3497 276 3569 illi
300 3495 457 3592 obligare.
478 3496 631 3568 Credidit
658 3496 770 3566 verbis
797 3497 919 3584 miser,
948 3510 982 3564 et
1005 3492 1055 3562 illi
1082 3493 1184 3567 fidem

28 3655 30 3676 ι
114 3601 237 3692 babuit,
259 3625 280 3674 a
299 3630 369 3700 quo
390 3619 471 3678 tune
490 3605 635 3676 maxime
654 3603 869 3698 prodebatur.
893 3605 928 3672 0
944 3627 1004 3672 seu
1018 3625 1117 3670 error
1137 3602 1184 3669 ina

28 3745 29 3812 ι
115 3733 206 3803 gens,
221 3736 284 3783 seu
304 3714 382 3783 ritae
395 3731 486 3783 cuca
504 3705 687 3806 cupiditasl
707 3725 787 3779 ante
805 3724 920 3779 tamen
937 3708 1093 3803 quemad
1106 3703 1184 3776 hose

28 3815 30 3840 ⁸
116 3829 175 3892 lun
193 3797 669 3917 pergat,·proposbtumiuum
697 3817 833 3912 collegoe
853 3817 974 3911 aperit,
992 3813 1078 3883 velle
1091 3840 1127 3885 se
1141 3814 1185 3889 td
1292 3836 1295 3844 ’

28 3963 30 4020 g
116 3922 335 4020 Ambiorigem
353 3925 542 4020 profieisei3'
560 3949 656 4020 spem
688 3924 750 4016 sibi
775 3923 891 3994 salutis
915 3920 1064 4011 ostendi3
1085 3945 1185 4018 possa

117 4053 184 4102 aum
206 4057 359 4127 quoque,
381 4034 408 4104 si
431 4031 531 4120 uelit,
557 4057 671 4102 sectam
694 4033 770 4101 ire:
792 4044 894 4124 negat
912 4031 1035 4117 Cotta,
1062 4023 1117 4118 et,
1145 4044 1186 4101 ut

28 4155 30 4204 ε
118 4134 214 4210 fracto
237 4163 296 4211 ore
315 4138 403 4234 loqui
420 4153 568 4234 poteret3
586 4143 670 4212 Non
694 4137 772 4226 cdo,
796 4137 922 4231 inquit,
941 4137 994 4208 ad
1007 4152 1184 4209 mmmm
