3000 5025
395 508 434 576 C.
462 506 657 577 JULIUS
682 507 875 579 cAEsAR„
1105 506 1178 582 331

111 641 209 733 καίπερ
224 638 264 717 είς
276 641 367 732 μέσον
379 641 515 733 Βρούτου
533 640 690 726 ε’λθόντος,
705 646 746 721 ὥς
758 669 792 710 τι
804 641 873 737 περὶ
884 649 947 709 τῶν
961 645 1185 737 πεπραγμένων

22 754 23 807 ἶ
108 752 248 843 ἐροῦντος,
259 750 315 814 οὐκ
329 747 522 840 ἀνασχομένη
541 738 594 815 διὰ
608 756 670 817 τῶν
685 748 782 844 θυρῶν
800 743 955 833 ἐξέπιπτε,
965 749 1017 817 καὶ
1030 754 1186 845 φεύγουσα

22 892 23 917 ι
108 857 273 928 κατέπλησε
282 864 421 947 ταραχῆς
434 855 485 922 καὶ
495 846 582 935 δέους
592 856 709 949 ἀπόρου
722 858 776 923 τὸν
786 847 898 949 δῆμον,
906 860 969 934 ῶςε
978 857 1051 935 τοὺς
1058 858 1113 949 μὲν
1128 852 1185 935 τόις

108 960 196 1039 οἰκίας
214 960 321 1035 κλείειν
333 1012 343 1045 ,
356 964 429 1041 τοὺς
449 952 480 1027 δ’
498 960 673 1031 ἀπολείπειν
691 956 846 1057 τραπέζας
871 962 924 1031 καὶ
940 966 1185 1057 χρηματιςηρια

110 1060 207 1161 δρόμῳ
225 1059 261 1135 δὲ
276 1076 403 1162 χωρεῖν,
417 1068 490 1147 τοὺς
509 1069 564 1161 μὲν
579 1068 697 1139 ἐπὶτὸν
711 1070 826 1154 τόπον,
840 1067 1009 1164 ὀψομένους
1021 1069 1188 1151 τὸπάθος,

109 1176 172 1252 τοὺς
186 1166 215 1240 δ’
228 1174 354 1258 ἐκεῖθεν,
366 1174 552 1266 ἑωρακότας.
562 1165 719 1255 Ᾰντώνιος
732 1168 770 1243 δὲ
783 1204 835 1245 και
843 1169 979 1254 Λεπιδος
1007 1203 1058 1258 ,οι
1069 1183 1190 1269 μαλιςα

109 1280 183 1373 φίλοι
195 1280 370 1375 Καίσαρος,
388 1272 590 1364 ὑπεκδύντες,
605 1282 645 1373 είς
660 1282 757 1362 οἰκίας
771 1284 876 1377 ἑτέρας
895 1284 1079 1378 κατέφυγον.
1097 1284 1140 1349 Οἱ
1154 1274 1190 1350 δὲ
1249 1342 1251 1345 ,

109 1387 170 1481 περὶ
186 1392 340 1482 Βροῦτον,
356 1392 455 1479 ὥσπερ
473 1384 550 1461 ἦσαν
570 1388 616 1455 ἔτι
638 1388 741 1481 θερμοὶ
761 1398 809 1476 τῷ
824 1391 924 1476 φόνῳ,
937 1387 1041 1485 γυμνὰ
1054 1386 1103 1456 ’τὰ
1119 1382 1190 1480 ξίφη

112 1485 291 1576 δεικνύντες,
306 1492 373 1586 οἴμοι
384 1491 498 1572 πόντος
512 1494 574 1563 ἀπὸ
589 1504 645 1561 τοῦ
660 1494 881 1589 Βουλευτηρίου
896 1498 1104 1588 συςραφέντες
1118 1497 1195 1587 ἐχό-

112 1626 173 1692 ρουν
187 1600 228 1679 είς
242 1601 281 1668 τὸ
300 1602 518 1684 Καπιτώλιον,
532 1604 566 1669 οὐ
584 1602 742 1695 φεύγουσιν
763 1603 914 1683 ἐοικότες,
929 1601 1012 1669 ἀλλὰ
1025 1602 1112 1695 μάλα
1125 1624 1195 1693 φοι·

113 1698 172 1801 δροὶ
183 1706 236 1775 καὶ
251 1706 427 1800 θαρραλέοι,
439 1714 689 1801 παρακαλοῦντες
700 1710 750 1781 ἐπὶ
762 1710 821 1782 τὴν
829 1706 999 1801 ἐλευθερίαν
1010 1711 1049 1777 τὸ
1057 1708 1194 1789 πλῆθος,

112 1815 157 1881 καὶ
174 1806 417 1909 προσδεχόμενοι
435 1816 507 1892 τοὺς
531 1812 654 1907 ἀμίς-ους
668 1869 670 1873 .
683 1826 746 1882 τῶν
766 1816 1027 1909 ἐντυγχανόντων.
1048 1796 1134 1882 Evam
1156 1805 1193 1880 δὲ

113 1922 158 1989 καὶ
174 1915 388 1989 συνανέόαινον
407 1924 527 2005 αὐτοῖς,
544 1921 596 1988 καὶ
616 1920 842 2017 κατεμίγνυσαν
865 1921 1007 2005 ἑαυτοὺς,
1024 1929 1064 1999 ὡς
1083 1945 1196 2014 μετεσ-
1245 1972 1248 1986 .

112 2028 237 2119 χηκότες
258 2038 316 2095 τοῦ
338 2028 444 2124 έργου,
469 2028 520 2095 καὶ
540 2038 782 2122 προσεποιοῦντο
805 2031 863 2101 τὴν
888 2019 983 2105 δόξαν
992 2025 1015 2069 ²·
1027 2026 1068 2094 ὧν
1085 2025 1121 2100 ἧν
1143 2025 1196 2094 καὶ

113 2134 196 2213 Γάϊος
211 2120 385 2213 Οκταούϊος
402 2132 453 2202 καὶ
468 2136 603 2215 Λέντλος
622 2134 768 2229 Σπινθήρ.
784 2134 884 2203 Οὗτοι
898 2135 954 2226 μὲν
969 2130 1021 2202 οὖν
1039 2144 1097 2213 τῆς
1118 2134 1198 2201 ἀλα-

114 2234 220 2321 ζονείας
235 2232 324 2315 δίκην
340 2232 458 2309 ἔδωκαν
474 2244 599 2337 ύςερον,
611 2244 664 2309 ὑπ’
680 2230 839 2312 Ᾰντωνίου
853 2240 906 2309 καὶ
920 2251 978 2309 τοῦ
992 2242 1060 2309 νέου
1079 2240 1199 2309 Καίσα·

115 2376 157 2442 ρος
168 2347 391 2441 ἀναιρεθέντες,
406 2347 459 2415 καὶ
478 2340 559 2441 μηδὲ
575 2359 631 2428 τῆς
650 2340 759 2433 δόξης,
776 2340 818 2415 δι’
838 2348 876 2423 ἢν
895 2348 1104 2433 ἀπέθνησκον,
1121 2347 1199 2414 ἀπο·
1262 2399 1277 2439 ,-

112 2457 293 2538 λαύσαντες,
306 2453 418 2546 οἱπιςίορ
436 2466 499 2524 τῶν
516 2452 628 2525 ἄλλων.
646 2446 731 2523 Οὐδὲ
748 2452 809 2552 γὰρ
827 2456 856 2523 οἱ
869 2448 1051 2534 κολάζοντες
1070 2456 1199 2536 αὐτοὺς,

116 2573 164 2642 τῆς
193 2555 357 2656 πράξεως,
373 2558 454 2630 ἀλλὰ
480 2573 537 2642 τῆς
561 2558 758 2645 θουλιίσεως,
781 2565 838 2637 τὴν
862 2555 951 2637 δίκην
975 2557 1100 2629 ἔλαθον.
1121 2560 1200 2627 Μεθ’

115 2671 225 2763 ἡμέραν
243 2659 278 2735 δὲ
295 2678 356 2738 τῶν
372 2669 441 2763 περὶ
455 2673 590 2764 Βροῦτον
607 2669 820 2738 κατελθόντων
835 2668 889 2736 καὶ
909 2669 1125 2759 ποιησαμένων
1144 2667 1202 2733 λό-

117 2803 198 2870 γους,
215 2781 232 2845 ὁ
252 2776 305 2869 μὲν
321 2767 436 2867 δῆμος,
452 2778 523 2844 οὔτε
543 2769 766 2869 δυσχεραίνων,
780 2775 868 2858 οὕτε,
883 2781 923 2853 ὡς
939 2778 1070 2842 ἐπαινῶν
1087 2770 1130 2840 τὰ
1144 2797 1202 2839 πε·

118 2884 294 2978 πραγμένα,
310 2892 375 2961 τοῖς
391 2886 565 2979 λεγομένοις
580 2889 757 2975 προσεῖχεν,
769 2882 838 2948 ἀλλ’
856 2872 1014 2956 ὑπεδήλου
1039 2890 1079 2975 τῇ
1100 2885 1202 2970 πολλῇ

118 3001 232 3082 σιωπῇ,
256 2988 401 3083 Καίσαρα
426 2989 479 3084 μὲν
503 2987 674 3120 οἰκτείρων,
692 2981 870 3081 αἰδούμενος
893 2980 930 3054 δὲ
952 2971 1146 3083 Βρούτονᾟ
1168 2976 1204 3051 δὲ

120 3101 305 3192 σύγκλητος,
328 3095 481 3189 οἱμνηςίας
502 3097 587 3176 τινὰς
626 3097 679 3164 καὶ
698 3090 866 3190 συμόοίσεις
891 3095 1090 3189 πράττουσα.
1103 3097 1205 3176 πᾶσι,
1231 3151 1241 3170 ,

120 3201 263 3296 Καίσαρα
278 3203 331 3294 μὲν
355 3209 395 3282 ὡς
411 3203 478 3270 θεὸν
495 3209 588 3297 τιμᾷν
604 3202 797 3295 ἐψηφίσατο,
811 3202 864 3271 καὶ
877 3210 966 3282 κινεῖν
984 3193 1066 3294 μηδὲ
1079 3201 1118 3267 τὸ
1132 3224 1205 3292 σμι-

121 3311 289 3403 κρότατον,
309 3305 348 3376 ὧν
374 3312 484 3388 ἐκεῖνος
509 3307 611 3404 ἅρχων
634 3305 804 3378 ἐόούλευσε·
829 3317 895 3387 τοῖς
921 3300 958 3375 δὲ
981 3307 1050 3400 περὶ
1067 3310 1205 3400 Βροῦτον
1316 3367 1319 3370 ,

123 3414 268 3508 ἐπαρχίας
280 3441 316 3483 τε
331 3407 477 3508 διένειμε,
490 3415 645 3511 καὶτιμὰς
662 3408 800 3486 ἐπέδωκε
809 3418 995 3510 πρεπούσας·
1012 3420 1075 3492 ῶςε
1085 3410 1208 3490 πάντας

125 3523 251 3608 οἴεσθαι,
274 3519 316 3590 τὰ
339 3519 512 3620 προίγμοιτοε
530 3521 705 3604 κατοίςοισιν
725 3525 819 3616 ἔχειν,
837 3522 889 3591 καὶ
904 3523 1060 3617 σύγκρισιν
1083 3521 1210 3590 ἀπειλη-

125 3629 207 3720 φέναι
223 3626 343 3722 οἱρίςην.
423 3642 433 3657 ⁸

176 3735 340 3805 LXVIII.
358 3721 436 3804 Επεὶ
448 3728 499 3822 δὲ,
510 3745 574 3805 τῶν
586 3729 740 3814 διαθηκῶν
754 3747 815 3804 τῶν
831 3734 987 3829 Καίσαρος
1004 3732 1211 3826 ἀνοιχθεισῶν,
1311 3728 1327 3737 ’

127 3841 226 3935 εὑρέθη
241 3832 391 3941 δεδομένη
398 3829 557 3938 ’Ῥωμαίων
569 3842 674 3932 έκοίςῳ
686 3835 771 3923 δόσις
787 3838 945 3938 ἀξιόλογος
960 3829 984 3926 ⁴,
998 3840 1050 3908 καὶ
1064 3842 1102 3908 τὸ
1121 3846 1212 3931 σῶμα

170 4053 196 4088 ι.
208 4035 342 4090 Antonius
351 4037 647 4111 eratcomtflzhepidus
739 4039 765 4094 3.
782 4035 915 4091 Sundente
931 4036 1071 4090 Cicerone.

130 4133 192 4170 vero
203 4115 327 4187 magister
342 4117 472 4188 equitum.
739 4124 765 4181 4,
782 4117 882 4169 Viritim
898 4129 1002 4169 αεοεπαι
1015 4118 1134 4183 sestertios
1148 4114 1215 4183 ἱερα-

171 4215 198 4250 ε.
212 4195 319 4249 Partam
335 4197 434 4254 scilicet
447 4199 557 4282 Cumis
572 4217 645 4254 ιιεοε.
699 4200 738 4254 rit.
756 4197 829 4254 Suet.
842 4197 873 4252 ίιι
886 4197 940 4252 1111.
958 4198 1006 4252 83.
1149 4200 1152 4206 “
