3000 5025
304 491 354 582 74
514 487 543 553 J.
572 485 729 553 CELSI
758 482 1154 553 COMMENTARII

300 623 387 691 mini
404 636 476 707 me,
496 618 741 687 commilitones
754 621 836 703 mei,
854 621 1058 712 quicumque
1077 639 1148 684 non
1164 617 1270 685 uultis
1284 618 1381 689 boue

302 727 457 821 aquilum
476 723 629 793 hostibus
648 724 859 793 illudendum
880 722 1027 793 madere.
1047 725 1089 793 Si
1102 727 1172 791 uiri
1189 728 1282 808 estis,
1292 749 1380 820 pro-

301 857 406 930 spera
423 847 549 901 cuncto
562 836 788 929 prorenunt3
806 836 840 899 si
857 836 986 917 muzus,
1006 855 1071 925 ego
1088 831 1212 898 sulcem
1230 830 1382 901 debitam

301 964 412 1009 meum
434 938 630 1035 reuiubbboe
644 962 689 1007 uc
707 962 852 1007 romano
866 942 1069 1034 imperatori
1076 937 1285 1033 persolvero.
1299 942 1382 1009 Haec

302 1046 492 1117 exclamans
507 1044 633 1115 medios
645 1047 679 1114 in
691 1045 813 1115 fluctus
826 1046 911 1113 mira
932 1042 1104 1113 alacritate
1119 1042 1265 1133 desiluit3
1280 1060 1383 1139 atque

301 1168 341 1222 ut
362 1156 509 1248 primum
535 1168 658 1221 terram
685 1152 826 1247 pedibus
852 1153 975 1247 attigit,
1003 1175 1118 1245 gressu
1150 1149 1268 1245 rapido
1293 1150 1384 1221 serre

302 1260 448 1354 aquilam
469 1262 504 1327 in
525 1260 638 1329 hostes
659 1262 784 1354 coepit:
803 1261 934 1327 virtutis
954 1257 1108 1353 exemplo
1130 1272 1164 1327 et
1183 1257 1311 1327 nobiles
1331 1261 1384 1327 in-

302 1369 393 1435 citati
422 1390 555 1455 omues,
582 1390 650 1435 non
673 1365 782 1435 solum
805 1368 917 1461 qui-in
945 1365 1019 1453 illa,
1041 1364 1099 1434 sed
1120 1365 1232 1459 quiin
1252 1367 1385 1435 cunctis

302 1486 398 1543 erant
410 1472 566 1563 navibus,
583 1476 618 1541 in
631 1473 738 1542 undas
752 1489 853 1568 atque
867 1473 944 1541 inde
958 1474 992 1541 in
1006 1472 1120 1541 hostes
1137 1486 1253 1539 ruunt:
1268 1496 1385 1566 pugna

302 1595 399 1649 atrox
426 1582 595 1668 exoritur,
618 1580 788 1675 duraque,
815 1605 954 1675 anceps,
981 1593 1016 1648 et
1047 1580 1207 1647 Romanis
1242 1578 1386 1648 adversa

301 1702 441 1783 propter
459 1685 611 1755 locorum
629 1688 846 1781 iniquitatem.
870 1690 1051 1781 Postquam
1069 1710 1151 1770 tero
1170 1700 1295 1753 terram
1309 1710 1383 1754 om·

302 1819 362 1864 nos
391 1796 590 1889 attigerunt,
612 1792 743 1863 collecti
765 1796 799 1861 in
818 1818 945 1881 unum,
965 1809 1000 1863 et
1025 1792 1155 1863 reducti
1181 1792 1225 1860 ad
1248 1791 1385 1862 solitum

301 1924 424 1995 pugnae
442 1924 564 1994 genus,
585 1899 650 1969 alio
673 1903 800 1995 impetu
819 1902 961 1988 invecti,
981 1900 1141 1969 fuderunt
1158 1900 1386 1988 adversarios;

302 2007 419 2077 fuisset
432 2006 553 2077 clarior
574 2008 732 2096 victoria,
746 2009 774 2077 si
792 2008 834 2076 ad
848 2007 1090 2101 insequendum
1108 2006 1270 2102 profugos
1291 2009 1385 2100 equi·

302 2128 392 2184 tatus
412 2116 446 2183 in
466 2129 617 2209 tempore
637 2113 810 2200 affirisset3
829 2128 922 2182 tanta
943 2114 1156 2201 fuittamen,
1176 2128 1215 2181 ut
1232 2114 1387 2182 Britanni

302 2220 450 2293 hostium
470 2246 596 2315 suoque
615 2245 695 2289 casu
714 2222 838 2309 territi,
866 2220 992 2315 legatos
1013 2221 1057 2289 ad
1079 2223 1247 2289 Casarem
1273 2222 1386 2289 mitte·

303 2342 397 2416 rent,
425 2342 459 2395 et
480 2328 754 2415 deditionem‚⁴et
774 2328 926 2415 obsides,
951 2343 985 2397 et
1015 2326 1176 2421 quidquid
1201 2327 1386 2397 victoribus

303 2435 383 2502 victi
396 2434 536 2524 debent,
551 2435 740 2504 offerentes.
757 2438 846 2503 Cum
862 2436 901 2504 iis
916 2448 951 2503 et
964 2436 1139 2505 Commius
1156 2434 1269 2523 rediit,
1283 2458 1388 2529 quem

303 2540 346 2608 ad
367 2567 444 2630 eos,
466 2557 505 2611 ut
525 2542 685 2630 diximus,
700 2543 909 2636 praemissum
931 2557 966 2610 et
985 2544 1162 2611 commissa
1182 2542 1281 2610 edere
1301 2543 1387 2612 inci·

303 2648 450 2742 piantem
470 2648 610 2718 vinculis
626 2650 849 2718 astrinxerant
865 2675 872 2716 ε
890 2674 981 2718 nunc
999 2647 1146 2718 solutum
1158 2651 1389 2738 remittentes,

303 2753 418 2824 violati
440 2755 573 2850 culpam
591 2758 626 2823 in
648 2753 894 2824 multitudinem
912 2756 1127 2843 reflexerunt',
1145 2771 1180 2824 et
1195 2757 1303 2824 errori
1322 2781 1387 2850 pu·

303 2861 392 2932 blico
412 2865 545 2930 veniam
566 2864 742 2956 petierunt.
767 2863 901 2951 Quibus
922 2865 1036 2932 Caesar
1058 2864 1179 2931 acriter
1198 2863 1388 2957 increpitis,

303 2968 412 3061 quod,
432 2993 514 3062 pace
535 2993 595 3062 per
616 2967 742 3063 legatos
760 2968 851 3037 ultro
874 2973 1019 3064 expetita
1038 2984 1073 3037 et
1088 2969 1245 3058 obtenta,
1259 2968 1388 3038 bollum

303 3072 508 3163 intulissent,
524 3075 655 3144 hostilia
673 3077 849 3144 inamicos
869 3077 957 3164 ausi,
975 3077 1107 3144 veniam
1129 3089 1242 3144 tamen
1260 3075 1388 3171 snppli-

304 3181 398 3250 cibus
415 3205 484 3250 non
503 3184 662 3277 negavit,¹
673 3205 775 3276 quam
795 3204 918 3277 negare
932 3205 995 3252 nec
1010 3197 1153 3251 noverat
1164 3208 1226 3253 nee
1240 3181 1387 3252 solebat:

304 3290 427 3382 partim
447 3288 550 3377 datis,
576 3291 699 3383 partim
726 3291 898 3383 promissis
923 3288 1094 3358 obsidibus
1124 3313 1190 3383 pax
1219 3304 1389 3359 conventa

304 3408 364 3463 est.
380 3397 551 3490 Principes
569 3397 806 3464 Britannorum
819 3395 935 3465 turbas
950 3395 993 3464 ad
1006 3395 1245 3490 agriculturam
1263 3399 1388 3465 reverti

301 3501 490 3594 jusserunt,
503 3504 565 3598 ipsi
580 3524 680 3597 seque
698 3526 839 3596 suasque
856 3501 957 3570 urbes
974 3505 1098 3572 Caesari
1113 3505 1280 3572 insinuare
1293 3505 1388 3571 omni

307 3607 417 3677 studio
434 3623 629 3703 satagentes.
647 3605 863 3678 Paulominus
878 3607 1045 3679 festinatio
1057 3635 1163 3678 unum
1180 3609 1263 3678 mihi
1276 3611 1388 3678 virum

305 3713 459 3804 abstulit,
479 3735 580 3810 quem
599 3718 633 3784 in
656 3715 803 3783 medium
817 3717 923 3784 virtus
943 3717 1015 3810 ejus
1031 3717 1170 3786 etfama
1188 3718 1387 3785 restituent:

304 3823 333 3890 is
352 3835 402 3891 est
416 3823 553 3892 Marcus
569 3823 694 3892 Caesius
709 3824 842 3910 Scaeva,
858 3822 952 3893 miles
963 3825 1123 3913 Casaris,
1134 3825 1193 3919 qui
1210 3824 1277 3892 boc
1294 3825 1385 3918 ipso,

303 3947 405 4022 quem
425 3930 662 4023 promisimus,
683 3929 725 3998 ad
745 3929 890 4000 ursulam
910 3930 1068 4026 appulsu,
1090 3930 1265 4027 scopulum
1284 3928 1388 3999 littori

305 4037 495 4131 proximum
514 4035 652 4132 plenum
671 4036 778 4106 turbis
790 4038 937 4108 hostium
950 4054 1129 4127 contuens,
1147 4057 1225 4108 cum
1242 4051 1387 4131 quatuor

305 4157 436 4214 tantum
456 4142 740 4215 commilitonibus
766 4147 910 4224 cimbam
940 4170 981 4217 eo
1006 4161 1233 4234 transvectus,
1255 4145 1388 4242 egregia
