3000 5025
260 508 569 585 INTERPRES
594 501 834 577 GRAECUS.
864 502 960 572 LIB.
989 503 1039 571 ΙΙ.
1111 502 1181 575 381

118 659 221 742 τούτῳ
235 644 405 733 ἐξεναντίας
425 649 532 739 ἐφίετο
544 692 554 726 ,
568 636 651 708 κατὰ
670 640 724 731 μὲν
747 640 804 712 τήν
826 631 922 715 πέζαν
943 628 1086 721 πεδινόν,
1105 636 1188 706 κατὰ

120 757 157 830 δὲ
174 765 229 836 τὴν
247 760 380 852 κορυφὴν
402 741 571 845 δενδρῶδες
593 748 729 841 μαλιῖα,
746 748 808 822 ὥςε
833 733 944 835 ῥαδίως
963 747 998 810 οὐ
1018 735 1187 839 διοροῖσθαι·

121 870 214 937 καὶέν
230 869 350 942 τούτοις
373 863 426 955 μὲν
447 866 510 937 τοῖς
531 846 657 948 δρυμοῖς
681 852 709 919 οἱ
728 852 870 940 πολέμιοι
884 851 1083 941 ἐκρύπτοντο·
1100 854 1129 917 ἐν
1151 844 1186 919 δὲ

120 985 166 1063 τῷ
181 966 279 1061 πεδίῳ
297 970 395 1065 ὀλίγοι
407 968 508 1043 ἱππεῖς
527 966 676 1051 ἑωρῶντο.
692 961 757 1025 Τοῶ
771 966 916 1048 ποταμοῦ
928 946 967 1022 δέ
989 957 1026 1023 τὸ
1045 951 1137 1036 όάθος
1150 956 1186 1032 ἦν

118 1089 207 1177 τριῶν
221 1072 339 1177 ποδῶν.

170 1189 264 1255 XIX.
281 1182 343 1254 Καὶ
357 1189 373 1249 ό
389 1181 442 1273 μὲν
457 1181 578 1267 Καῖσαρ
599 1174 656 1248 τὴν
673 1171 769 1251 ἵππον
784 1165 1063 1262 προπεμψάμενος,
1078 1171 1187 1254 αὐτὸς,

117 1302 193 1387 ἐμοῦ
208 1286 248 1368 δὴ
264 1294 340 1383 ἔχων
354 1293 456 1356 πᾶσαν
476 1287 532 1358 τὴν
548 1274 676 1363 δύναμιν
699 1275 851 1367 ἐφείπετο·
867 1275 936 1341 ἀλλ’
951 1280 969 1341 ὁ
983 1284 1039 1352 τῆς
1054 1283 1110 1341 τοῦ
1123 1284 1185 1342 τῶν

116 1388 264 1494 θυραίων
279 1396 492 1489 ςρατεόματος
505 1380 621 1465 τάξεως
635 1384 749 1477 τρόπος
764 1378 865 1459 άλλως
887 1376 964 1471 εἶχεν
975 1379 1016 1462 ,ἢ
1033 1380 1061 1447 οἱ
1071 1383 1186 1475 Βέλγας

116 1518 179 1586 τοῖς
192 1499 348 1605 Νερουῖοις
368 1494 555 1595 διόγγειλαν.
569 1479 689 1563 Επειδὴ
708 1486 766 1583 γὰρ
790 1496 852 1555 τῶν
870 1485 1023 1579 πολεμίων
1038 1486 1185 1561 ἐπλησία-

116 1608 161 1693 ζεν
177 1620 193 1681 ὁ
206 1617 346 1703 Καῖσαρ,
356 1607 506 1700 τάγματα
521 1602 574 1694 μὲν
589 1598 636 1665 ἀεὶ
645 1590 678 1674 ἐξ
691 1588 753 1686 εἶχε
766 1594 1038 1689 παρατεταγμένα·
1053 1594 1184 1661 κατόπιν

117 1712 150 1788 δὲ
171 1723 291 1788 τούτων
315 1713 357 1783 τέι
378 1712 495 1788 παντὸς
509 1716 566 1776 τοιῖ
587 1704 803 1797 ςρατεόματος
817 1700 987 1793 σκευοφόρα
1004 1701 1183 1777 κατέςησεν,

115 1814 177 1896 Ἐπὶ
187 1832 266 1895 τοῖσι
280 1817 310 1890 δ’
322 1825 422 1890 αὐτῶν
437 1815 479 1883 τὰ
493 1808 549 1881 δόο
562 1810 653 1889 νεωςὶ
666 1806 897 1898 καταλεχθέντα
909 1806 1060 1900 τάγματα
1075 1793 1185 1901 τοτα-ρ.

20 2010 23 2021 ,
115 1938 191 2029 μένα
204 1930 293 2015 ἦσαν,
303 1928 354 1997 καὶ
366 1935 469 1993 ταῦτα
479 1920 521 1989 τὰ
534 1917 704 2011 σκευοφόρα
716 1907 933 2005 διεφύλαττον.
944 1912 986 1977 Οἱ
999 1914 1113 2004 μέντοι
1127 1923 1184 1980 τοῦ

114 2040 271 2132 Καίσαρος
285 2037 405 2117 ἱππεῖς,
422 2032 488 2124 ἅμα
507 2030 584 2095 πάσι
605 2030 670 2101 τοῖς
689 2012 910 2113 σφενδονήταις
922 2020 957 2085 τὲ
973 2018 1025 2085 καὶ
1039 2013 1183 2098 τοξόταις

114 2152 167 2218 τὸν
181 2146 324 2237 ποταμὸν
340 2134 522 2218 διαόάντες,
536 2139 601 2210 τοῖς
619 2137 680 2198 τῶν
695 2125 848 2219 πολεμίων
865 2125 989 2193 ἱππεῦσι
1003 2124 1105 2216 μάχην
1117 2150 1184 2192 συν.

113 2254 207 2345 ἧψαν·
224 2249 312 2319 αὐτοὶ
328 2240 363 2315 δέ
376 2238 562 2339 προσόολαῖς
578 2226 735 2328 αίφνιδίοις
754 2236 908 2326 ἐχρῶντο,
923 2231 974 2297 καὶ
988 2230 1071 2309 εὐθὺς
1086 2230 1126 2309 εἰς
1140 2230 1183 2298 τὰ

19 2450 20 2453 ¹
114 2356 217 2455 δρυμὰ
233 2352 445 2448 ἐξανεχώρουν·
465 2344 520 2417 εἶτ’
534 2342 616 2422 αὖθις
631 2342 682 2410 καὶ
697 2337 863 2434 μαλάὖθις
878 2337 1053 2405 ἐπετίθεντο
1068 2337 1181 2429 σφίσιν.

112 2456 173 2547 ᾖς’
186 2468 216 2536 οἱ
228 2462 407 2558 Καισάρειοι
420 2455 603 2551 πορρωτέρω
622 2460 678 2528 τῆς
692 2436 842 2524 πεδιάδος
861 2446 972 2523 αὐτοὺς
992 2436 1112 2511 διώκειν
1127 2448 1183 2513 οὐκ

112 2578 262 2669 ἐτολμων.
277 2558 320 2638 Εν
340 2572 443 2653 τούτῳ
462 2557 496 2631 δὲ
516 2559 559 2628 τέι
579 2567 690 2652 πρῶτοι
712 2554 902 2646 πορευόμενα
919 2546 953 2629 ἐξ
973 2552 1130 2646 τάγματα
1144 2553 1181 2619 τὸ

112 2672 307 2778 ςρατότεδον
334 2669 613 2767 διαμετρησαντες,
628 2663 705 2730 αὐτὸ
728 2660 901 2752 ἐκράτυνον·
919 2657 947 2723 οἱ
971 2649 1006 2741 δὲ
1022 2659 1181 2750 πολέμιοι,

113 2781 218 2864 ἐπειδὴ
234 2786 353 2878 τάχιςα
372 2779 414 2848 τὰ
434 2784 544 2870 πρῶτα
560 2780 616 2838 τοῦ
636 2777 698 2836 τῶν
723 2752 873 2858 Ῥωμαίων
893 2765 1108 2858 ςρατεόματος
1121 2765 1180 2830 ὑπὸ

111 2910 172 2965 τῶν
195 2899 226 2963 ἐν
245 2900 309 2970 τοῖς
329 2883 453 2981 δρυμοῖς
471 2877 624 2971 πολεμίων
644 2874 786 2965 ὤφθησαν
809 2865 1013 2961 σκευοφόρα(
1024 2871 1055 2934 ἐν
1077 2871 1180 2956 τούτῳ
1209 2884 1213 2888 ’

112 3006 166 3098 μὲν
188 3000 248 3098 γέιρ
271 3005 334 3074 τοῖς
348 2982 500 3085 Ῥωμαίοις
521 2981 713 3060 ἐπιθήσεσθαι
733 2973 911 3061 συνέθεντο)
932 2975 1021 3042 αὐτοὶ
1043 2977 1125 3065 ταχθ
1150 2978 1180 3042 ἐν

110 3119 175 3189 τοῖς
196 3102 321 3202 δρυμοῖς
339 3095 488 3179 τάξαντίς
506 3120 558 3177 τε,
578 3089 629 3159 καὶ
649 3091 704 3161 τὴν
723 3078 811 3163 τάξιν
838 3077 1076 3168 βεόαιώσαντες,
1095 3079 1180 3172 άφνω

110 3222 145 3286 ἐκ
159 3227 215 3294 τῆς
232 3217 307 3290 ὕλης
321 3207 406 3302 πάση
426 3197 465 3278 δὴ
484 3208 561 3294 ἁμοῦ
582 3199 634 3264 σὺν
659 3205 699 3289 τῇ
714 3195 829 3286 ςρατιᾷ
847 3181 1031 3280 ἐξέδραμον,
1044 3188 1096 3255 καὶ
1115 3196 1180 3266 τοῖς

110 3333 171 3392 τῶν
185 3307 337 3413 Ῥωμαίων
353 3318 453 3390 ἱππεῖς
470 3300 671 3402 προσέόαλον·
686 3302 816 3376 τοιίτους
839 3287 874 3362 δὲ
893 3298 1012 3387 ταχέως
1034 3297 1181 3368 νικιόσαν-Ι

9 3443 11 3450 ’
110 3428 270 3521 τες,πρὸς
287 3426 342 3494 τὸν
364 3417 505 3511 ποταμὸν
525 3410 671 3487 ἀπῆλθον·
686 3406 758 3474 ὥσθ’
771 3406 836 3497 άμα
857 3393 968 3494 σχεδὸν
987 3398 1040 3473 καὶ
1062 3403 1179 3480 ἐντοῖς

112 3531 257 3632 δρυμοῖς,
272 3531 323 3599 καὶ
340 3534 369 3596 ἐν
390 3535 436 3613 τῷ
452 3530 601 3610 ποταμῷ,
615 3515 666 3583 καὶ
679 3519 709 3581 ἐν
724 3516 831 3588 αὐταῖς
849 3516 917 3588 ταῖς
935 3507 1019 3601 χερσὶ
1034 3513 1096 3574 τῶν
1110 3491 1178 3572 Ρω.

111 3645 206 3738 μαίων
234 3639 388 3730 ὤφθησαν·
412 3637 519 3700 ἔπειτα
534 3619 568 3692 δέ
587 3625 706 3714 ταχέως
728 3612 781 3687 διὰ
809 3625 866 3684 τοῦ
887 3616 973 3708 όρους
991 3615 1067 3708 πρός
1086 3639 1121 3708 τι
1142 3615 1180 3679 τὸ
1237 3656 1241 3663 .

109 3763 169 3819 τῶν
187 3735 337 3840 Ῥωμαίων
352 3727 562 3835 ςρατόπεδον,
576 3729 628 3799 καὶ
642 3730 713 3804 τοὺς
736 3723 814 3817 ἀμφὶ
836 3725 893 3796 τὴν
915 3725 1011 3788 αὐτοῦ
1031 3721 1178 3812 ὀχόρωσιν

108 3856 348 3950 ἀσχολουμένους
366 3850 488 3917 ἔτεινον.

161 3965 239 4033 XX.
252 3943 319 4038 ίθςε
330 3965 377 4042 τῷ
386 3944 632 4042 Καίσαριπάντα
642 3942 707 4032 ἅμα
720 3937 852 4010 ποιητέα
860 3931 907 4009 ἦν·
917 3933 1098 4027 καὶπρῶτον
1116 3923 1180 3997 ἐδει-

110 4077 161 4143 τὸν
181 4071 271 4138 ἀετὸν
289 4075 393 4144 ςῆσαι·
409 4065 483 4151 ὅπερ
504 4058 624 4146 σημεῖον
639 4046 695 4130 ἦν,
710 4045 800 4112 ὁπότ’
819 4038 855 4108 ἐιν
876 4041 926 4108 ἐπὶ
944 4037 986 4107 τδι
1003 4042 1086 4106 όπλα
1105 4038 1179 4104 ἰέναι

111 4175 183 4248 δέοι·
200 4180 308 4244 ἔπειτα
326 4163 362 4236 δέ
376 4166 426 4236 καὶ
444 4175 484 4258 τῇ
503 4160 650 4250 σάλπιγγι
674 4149 827 4243 σημαίνειν
849 4139 910 4212 ἔδει
933 4149 971 4214 τὸ
993 4146 1178 4238 πολεμικὸν,
