3000 5025
323 495 397 586 482
609 499 647 567 C.
675 498 824 566 JULII
851 497 1093 566 CAESARIS

376 633 550 700 XXXVII.
565 615 608 696 Ev
629 631 731 716 τούτῳ
747 622 782 696 δὲ
800 629 882 697 κατὰ
898 628 1063 722 συντυχίαν
1077 631 1105 697 οἱ
1119 627 1267 722 Γερμανοὶ
1283 625 1381 709 ἦλθον,

323 749 369 824 τῷ
383 739 501 832 χρόνῳ,
521 736 639 829 τιίχιςοί
661 739 690 804 τ’
710 737 905 828 ἀφικόμενοι,
924 736 965 814 εἰς
984 739 1020 803 τὀ·
1045 745 1116 802 τῶν,
1129 722 1279 828 Ρωμαίων
1298 736 1383 826 ἔρυμα

321 846 383 914 ἀπὸ
410 843 620 938 τῆςμεχιίλης
646 846 743 921 πύλης
768 835 917 932 εἰσπηδᾷν
940 843 1147 937 ἐπεχείρησαν·
1172 844 1243 909 ούτε
1266 840 1382 933 πρόσθεν

320 953 380 1020 ὑπὸ
399 962 461 1017 τῶν
480 935 630 1043 Ῥωμαίων
645 949 890 1032 κατενούθησαν,
905 949 974 1044 πρὶν
993 947 1012 1023 ἢ
1033 951 1108 1036 πρὸς
1128 952 1236 1026 αὑταῖς
1254 949 1381 1040 ἐγένοντο

321 1067 388 1136 ταῖς
408 1068 464 1125 τοῦ
490 1048 686 1148 ςρατοπίδου
709 1059 841 1140 πύλαις,
857 1061 918 1134 ὥςε
950 1057 1023 1133 τοὺς
1048 1058 1108 1123 ὑπὸ
1139 1057 1178 1122 τὸ
1198 1046 1381 1148 ςρατόπεδον

320 1173 506 1240 σκηνοῦντας
534 1164 700 1255 ἐμπόρους,
716 1165 829 1254 σχολὴν
859 1173 916 1229 τοῦ
942 1163 1109 1255 ἀναχωρεῖν
1142 1166 1178 1228 ού
1201 1168 1295 1252 σχεῖν.
1310 1161 1382 1226 Τότε

320 1271 373 1363 μὲν
398 1267 449 1337 οὖν
468 1269 496 1336 οἱ
512 1255 669 1362 Ῥωμαῖοι,
689 1269 744 1335 όίτε
763 1262 803 1342 δὴ
828 1271 949 1336 τούτων
973 1263 1005 1346 ἐξ
1027 1259 1267 1360 ἀπροσδοκήτου
1290 1270 1382 1342 αὐτοῖς

319 1372 519 1470 συμόοίντων,
537 1367 642 1453 δεινῶς
666 1376 907 1468 ταραττόμενοι,
927 1379 983 1448 τὴν
1006 1385 1069 1440 τῶν
1086 1373 1248 1466 ,πολεμίων
1269 1375 1382 1466 πρώτην

318 1478 494 1578 προσόολὴν
512 1483 599 1574 μόλις
611 1483 783 1578 ὑπέμειναν·
802 1492 898 1549 τοῦτο
918 1473 948 1548 δ’
963 1480 1159 1574 οἱ-Γερμανοὶ
1178 1482 1383 1553 κατανούσαν·
1470 1568 1471 1575 ρ

318 1616 388 1672 τες,
405 1587 554 1657 πάντοθεν
582 1587 647 1680 ἅμα
672 1589 831 1656 ἐνέκειντο.
846 1587 991 1683 ἰσχυρῶς,
1010 1586 1107 1654 είτινα
1129 1591 1225 1681 εὑρεῖν
1252 1579 1382 1652 δύναιντο
1470 1580 1471 1583 “

317 1687 436 1764 εἴσοδον
456 1705 651 1772 σκοποῦντες·
672 1699 734 1771 ὥςε
753 1692 811 1771 τὰς
827 1695 881 1784 μὲν
899 1698 1000 1777 πύλας
1016 1695 1045 1762 οἱ
1061 1680 1202 1786 Ῥωμαῖοι
1220 1662 1383 1784 διαφυλάτ-

318 1829 382 1868 τειν
402 1802 489 1895 μόλις
508 1792 672 1876 ἠδύναντο·
687 1799 746 1877 τὰς
768 1792 810 1866 δὲ.
824 1800 935 1880 λοιπὰς
954 1807 970 1868 ό
989 1802 1090 1879 τύπος
1099 1787 1138 1866 δι’
1157 1804 1286 1882 ἑαυτοῦ,
1306 1797 1381 1870 καὶὴ

317 1910 464 2002 όχύρωσις
494 1900 695 1999 διεφύλαττεν
727 1897 874 2003 εἰσόδους.
897 1906 954 1974 Διὰ
978 1908 1094 1984 παντὸς
1118 1897 1154 1972 δὲ
1175 1901 1273 1996 φόύος
1300 1907 1383 1996 μέγας

317 2014 375 2081 ἔθει
397 2024 453 2081 τοῦ
471 2005 686 2108 ςρατοπέδου,
705 2013 758 2080 καὶ
775 2012 823 2090 τίς
842 2039 920 2080 ποτε
942 2012 985 2087 εἴη
1008 2021 1026 2088 ἡ
1052 2023 1108 2090 τῆς
1127 2023 1270 2106 ταραχῆς
1287 2009 1383 2093 αἰτία,
1451 2032 1453 2039 ·

318 2122 393 2215 πρὸς
413 2121 562 2197 ἀλληλους
588 2110 759 2212 διηπόρουν
771 2119 904 2202 πάντες,
919 2127 977 2187 ποῖ
992 2113 1027 2186 δὲ
1048 2116 1090 2186 τὰ
1114 2127 1229 2212 σημεῖα
1248 2120 1383 2210 ἐπιφέρειν

320 2217 401 2309 δέοι,
421 2226 473 2292 καὶ
491 2229 602 2302 όκαςον
622 2228 768 2309 συνιέναι,
786 2229 819 2292 ού
839 2227 1103 2318 προενόουν.’-οίλλ’
1122 2232 1139 2292 ὁ
1159 2227 1217 2318 μὲν
1237 2226 1276 2292 τὸ
1295 2223 1383 2316 χαρεί-

318 2359 408 2424 κωμα
431 2323 492 2405 ἤδη
517 2333 631 2398 ἁλῶναι
650 2333 763 2426 ἔλεγεν·
781 2337 801 2397 ό
822 2322 873 2414 δὲ,
891 2334 963 2410 τοὺς
983 2327 1170 2426 όαρύοίρους,
1185 2333 1243 2399 τόν
1262 2357 1297 2398 τε
1314 2328 1382 2396 Καί-

318 2465 397 2531 σαρα
416 2437 468 2506 καὶ
485 2440 542 2511 τὴν
557 2442 652 2504 αὐτοῦ
672 2434 803 2531 ςρατιδιν
824 2429 1059 2532 διαφθείραντας
1077 2443 1197 2524 πᾶσαν,
1219 2440 1326 2505 ἔπειτα
1342 2434 1383 2501 ἐπὶ

235 2544 236 2555 ’
317 2540 686 2635 σφᾶςιέλθεῖνῴύούλετο
697 2546 769 2622 τοὺς
791 2540 907 2623 ἄλλους.
922 2544 1102 2613 ἀναπείθειν.
1121 2527 1223 2612 Ᾰλλοι
1242 2539 1278 2612 δὲ
1297 2536 1333 2617 δὴ
1350 2543 1382 2609 τὸ

317 2662 410 2720 τοῦτο
424 2651 667 2745 Τιτουρίου,ἶκαὶ
686 2661 742 2717 τοῦ
762 2652 899 2734 Κόττα,
918 2656 948 2718 ἐν
975 2660 1083 2738 σαυτῷ
1102 2652 1273 2744 μεινάντων
1291 2651 1382 2734 τόπῳ,

317 2760 377 2852 πρὸ
394 2758 557 2851 ὀφθαλμῶν
574 2760 742 2837 ..ἐποιοῦντο
758 2756 875 2840 πείθος,
894 2758 946 2824 καὶ
964 2755 1046 2825 ἄλλα
1075 2755 1179 2825 πολλὰ
1211 2753 1296 2825 ἅττα
1320 2756 1384 2848 πρὸς

318 2867 372 2933 τὸν
399 2862 607 2953 τόπονρκαινδι
623 2857 805 2941 Ιἐξεθείαζον·
827 2866 961 2953 τοιούτῳ
979 2856 1015 2930 δὲ
1033 2858 1121 2955 φόύῳ
1138 2864 1268 2931 ποίντων
1292 2866 1381 2929 αὐτῶν

319 2970 539 3061 συνεχομένων,
563 2964 729 3042 ίύεύιιιώθη
749 2976 768 3042 η
791 2978 853 3036 τῶν
878 2973 1041 3064 Γερμανῶν
1071 2970 1171 3052 ελπὶς,
1193 2976 1237 3049 ὡς
1268 2960 1382 3055 οὐδεμία

319 3082 349 3145 ἐν
365 3060 676 3164 τῷτῶνῬωμαίων,
689 3072 787 3143 καθ’-θ
806 3076 934 3169 πρόσθεν
957 3069 1019 3151 ἤδη
1039 3074 1127 3169 παρὰ
1148 3084 1212 3142 τῶν
1236 3076 1382 3169 αἰχμαλό·

249 3250 252 3263 ,
321 3210 382 3252 των
402 3182 589 3264 ἠκηκόεσαν,
604 3184 660 3249 οὐκ
673 3180 717 3255 ε’ίη
735 3182 822 3255 ἱκανὴ
838 3181 954 3277 φρουρὰ
968 3174 1169 3277 ςρατοπέδῳ·.
1180 3184 1320 3276 παριέναι
1337 3180 1382 3270 μὲν

322 3286 372 3357 οὖν
391 3287 432 3382 εἰς
457 3288 538 3357 αὐτὸΔ
552 3294 592 3365 ῶς
606 3286 743 3379 τιίχιςα,
765 3286 863 3377 σφίσιν
880 3292 1003 3374 αὐτοῖς,
1017 3292 1064 3381 μὴ.
1079 3287 1237 3362 τοσαύτην
1255 3288 1335 3355 λείαν
1353 3288 1382 3351 ἐι

321 3406 383 3464 Ιτῶν
403 3405 510 3489 χειρῶν
533 3394 980 3487 ἀφεῖεν,.παρακελευσιίμενοι,
995 3400 1112 3489 μᾶλλον
1129 3394 1336 3489 ἐπεχείρησαν.

374 3500 567 3567 XXXVIII.
582 3480 630 3566 Hv
644 3491 680 3566 δέ
694 3524 740 3580 τις
756 3502 785 3565 όν
800 3509 846 3588 τῷ
865 3509 926 3573 τῶν
944 3487 1094 3593 Ρωμαίων
1109 3494 1297 3593 ςρατοπέδῳ
1314 3491 1383 3591 μετὰ

322 3619 384 3675 τῶν
399 3606 499 3675 σίλλων
514 3618 609 3673 νοσῶν
625 3609 900 3699 καταλελειμμένος
914 3609 1071 3686 Πούπλιος
1080 3602 1208 3685 ’Σέξτιος
1222 3607 1381 3681 Βοίιιουλος,

322 3705 594 3807 πρωτοταξίαρχος
609 3712 758 3805 πρότερον
776 3712 861 3806 παρὰ
875 3726 920 3802 τῷ
934 3713 1067 3807 Καίσαρι
1086 3715 1265 3807 γενόμενος,
1279 3711 1313 3780 οὗ
1328 3700 1380 3782 ἤδη

322 3826 352 3889 ἐν
372 3832 418 3909 τῷ
441 3818 509 3912 περὶ
534 3829 595 3885 τῶν
625 3818 753 3911 πρόσθεν
773 3822 924 3911 ῑπολίμων
944 3820 1148 3913 ἐμνημονεύθη
1169 3822 1266 3915 λόγῳ.
1292 3815 1381 3887 Οὗτος
1470 3889 1471 3916 ,

324 3919 363 4002 δὴ
383 3936 555 4001 τηνικαῦτα
572 3936 611 4020 τῇ
632 3924 658 3990 θ’
683 3931 779 3994 αὑτοῦ
797 3926 849 3992 καὶ
867 3936 923 4003 τῆς
941 3938 1004 3993 τῶν
1025 3924 1127 3993 σίλλων
1146 3933 1224 4020 ὁμοῦ
1249 3916 1382 4011 οὐδεμίαν

322 4036 366 4100 ἔτ’
379 4024 492 4100 ἐλπίδα
510 4034 688 4123 ποιούμενος
708 4030 876 4125 σωτηρίας,
891 4029 1005 4111 ι’ίοπλος
1023 4035 1076 4126 μὲν
1093 4035 1266 4124 τὸπρῶτον
1285 4033 1317 4096 ἐκ
1333 4034 1380 4101 τῆς

321 4150 434 4217 σκηνῆς
450 4148 505 4217 τῆς
527 4142 638 4205 ἑαυτοῦ
667 4132 799 4217 ἐξῆλθεν·
820 4140 928 4207 ἔπειτα
947 4130 983 4206 δὲ
1001 4140 1074 4219 τοὺς
1099 4139 1262 4234 πολεμίους
1281 4134 1325 4203 ἀεὶ
1338 4128 1381 4199 ἐπὶ
