3000 5025
323 438 393 561 rra
528 470 556 540 J.
586 468 740 540 CELSI
768 470 1163 539 conunnrnnn

319 608 476 703 pecunia,
497 605 663 685 civitatem
684 604 825 697 imperio
842 604 1039 697 provinciae,
1060 617 1111 688 ut,
1130 602 1221 697 quod
1239 628 1307 672 una
1323 630 1394 674 non

318 715 438 808 possit,
461 710 563 779 altera
585 724 808 803 consequatur
830 712 892 779 via.
910 713 988 787 Hoc
1008 709 1167 779 adversus
1182 708 1394 805 ,Allobrogas

317 820 440 889 bellum
463 816 578 887 AEduis
602 818 795 902 committit,
816 817 874 909 qui
895 817 1082 909 congressi,
1109 814 1228 889 multis,
1254 842 1396 887 suorum

318 926 543 1012 obtruncatis,
561 925 738 1007 amicitiam
757 946 931 1001 romanam
950 921 1066 991 utilem
1082 921 1182 991 fuisse
1203 938 1396 1013 senserunt,

199 1092 201 1103 ,
319 1034 381 1119 sub
394 1055 459 1125 qua
472 1029 599 1110 dudum
611 1029 767 1097 honorati
785 1030 952 1122 quietique
969 1029 1128 1097 vixerant.
1146 1031 1258 1098 Caesar
1266 1032 1398 1101 interea

316 1143 351 1211 in
369 1143 539 1232 Sequanos
553 1135 796 1229 proficiscitur,
816 1136 909 1227 cujus
923 1138 992 1215 ,iter
1007 1136 1262 1229 Vercingetorix
1279 1136 1398 1231 firgam

318 1261 431 1331 ratus,
450 1242 492 1311 ad
511 1240 686 1325 concilium
701 1267 778 1309 suos
792 1256 892 1321 vocat
907 1268 914 1309 ι
930 1245 966 1311 E
966 1257 982 1309 t
983 1241 1116 1335 sugere
1129 1242 1264 1335 qm'dem
1279 1244 1400 1315 nostes

318 1356 381 1439 ait,
403 1376 447 1419 oc
465 1346 751 1443 gollc'cisfinibus
773 1348 894 1417 obire:
917 1349 957 1417 id
968 1354 1006 1429 ¹in
1021 1371 1182 1444 praesens
1198 1356 1287 1419 sato
1300 1376 1396 1439 esse,

318 1458 469 1533 utGolli
478 1479 545 1523 sno
559 1460 709 1549 ontc'qiur
718 1517 721 1526 ,
731 1460 767 1523 in
785 1454 943 1525 libertate
953 1470 1176 1542 remaneant,
1191 1458 1400 1549 msutwwn

320 1569 478 1637 minime:
494 1585 576 1631 nom
588 1560 815 1655 quisydubitet
824 1562 957 1654 majore
966 1563 1045 1632 illos
1057 1567 1134 1639 nou
1148 1578 1254 1657 atque
1267 1568 1400 1663 zinpetu

318 1694 509 1749 reversuros
516 1670 542 1759 a,
548 1669 792 1751 occurrendum
805 1670 971 1766 prrffugr's
993 1674 1124 1763 ιλὸνίίιιν,Ι
1137 1686 1178 1739 ut
1194 1672 1254 1739 nel
1260 1672 1400 1767 sugere

319 1792 509 1873 nequeant,
531 1777 605 1864 vel,
624 1781 760 1845 omissas
786 1777 1053 1872 impedimento,
1073 1777 1159 1846 studi
1178 1791 1215 1845 et
1230 1780 1399 1872 anglorii,

305 1888 473 1981 flagrent,
500 1888 725 1980 exemploque
755 1885 975 1961 oltosn'mili
994 1900 1148 1952 terreant
1167 1883 1214 1953 ab
1226 1890 1400 1981 ‚urcoeptn

320 1996 528 2063 Consensum
543 1999 601 2061 'est
620 1993 749 2085 magnis
771 1992 883 2083 potius
902 1992 1040 2071 animis,
1065 2014 1166 2084 quam
1185 1991 1350 2082 consiliis,
1368 2010 1403 2065 et

320 2098 599 2191 religiosissimum
612 2096 847 2189 jusjurandum
860 2121 953 2165 more
970 2099 1077 2192 gentis
1094 2098 1340 2192 interponitur:
1357 2125 1404 2171 ne

319 2210 377 2275 eui
399 2208 548 2297 eqiotum
576 2202 628 2273 od
639 2202 763 2303 filios,
792 2202 1045 2298 adparentes,
1071 2204 1125 2273 ad
1153 2205 1336 2299 consagem
1358 2213 1407 2277 sit

319 2310 464 2395 reditus,
481 2313 542 2404 qui
556 2332 626 2377 non
640 2332 822 2389 romanam
836 2315 946 2389 ocrem
965 2326 1190 2404 penetrasset.
1211 2313 1299 2381 Tre's'
1311 2317 1404 2385 acies

262 2478 264 2483 ,
320 2415 483 2511 gallorum
502 2416 650 2508 equiturn
670 2414 783 2483 fuere:
806 2416 945 2495 totidem
964 2416 1015 2484 his
1034 2440 1188 2485 romanas
1206 2420 1321 2487 Caesar
1339 2448 1403 2518 op-

321 2526 448 2618 posuit,
460 2519 741 2616 tribusquesimul
759 2536 810 2590 est
823 2535 987 2590 certatum
1003 2521 1098 2610 locis,
1113 2549 1180 2617 quo
1195 2530 1404 2618 certamine,

320 2631 355 2700 in
378 2626 775 2714 submittendislauxiliis,
797 2628 987 2722 ubicunque
1007 2654 1084 2698 suos
1102 2633 1215 2723 urgeri
1233 2651 1405 2725 senserat,

322 2738 451 2822 romani
469 2733 562 2803 ducis
578 2734 757 2830 diligentia,
770 2735 886 2828 ingens
909 2734 979 2802 fuit.
1001 2738 1248 2805 Germanorum
1263 2764 1405 2836 quoque

321 2845 489 2937 equitum,
509 2865 593 2934 quos
611 2841 898 2922 entransrhenanis
917 2842 1056 2922 urbibus
1081 2845 1202 2923 Caesar,
1214 2849 1405 2939 acciverat,

320 2951 457 3042 insignis
478 2971 607 3041 opera,
624 2947 698 3016 fuso
726 2949 894 3041 equitatu,
916 2950 1084 3044 raptisque
1112 2965 1146 3019 et
1167 2951 1290 3020 Caesari
1315 2978 1406 3048 prae·

323 3053 597 3147 sentatisaliquot
613 3051 823 3134 nobilissimis
836 3054 1039 3142 AEduorum,
1051 3059 1109 3149 qui
1120 3058 1266 3138 hostium
1278 3060 1315 3126 in
1333 3065 1406 3132 acie

322 3175 439 3246 contra
468 3185 546 3238 eum
577 3159 718 3238 fuerant.
744 3162 998 3254 Vercingetorix
1024 3165 1097 3255 qui,
1128 3189 1205 3234 cum
1231 3163 1286 3232 illa
1310 3170 1406 3238 nube

322 3267 489 3362 peditum,
502 3284 651 3348 seorsum
666 3266 797 3352 stabat,
812 3291 889 3335 cum
905 3267 1028 3348 eisdem
1042 3293 1163 3364 pugnae
1178 3273 1305 3340 exitum
1322 3300 1407 3369 prae·

322 3373 655 3462 videns,.abscessit:
679 3372 786 3454 ductis
809 3397 1021 3468 secumquos
1038 3374 1160 3445 ducere
1178 3377 1286 3465 licuit,
1308 3385 1407 3478 sequi

319 3481 417 3575 jussis
437 3482 579 3567 caeteris,
598 3478 743 3548 Alesiam
763 3479 923 3573 oppidum
944 3481 1125 3580 quodnon
1142 3478 1241 3580 longe
1263 3486 1406 3578 aberat,

323 3585 428 3682 gradu
447 3586 645 3673 festinante,
678 3609 713 3654 se
742 3585 897 3674 contulit,
927 3603 1036 3658 castra
1063 3581 1124 3682 pro
1150 3593 1254 3686 portis
1283 3596 1407 3692 oppidi

323 3703 476 3770 metatus.
499 3697 625 3776 Caesar,
641 3691 885 3785 impedimentis
896 3709 969 3763 tuto
983 3693 1058 3764 loco
1069 3698 1200 3789 positis,
1218 3698 1405 3772 abeuntem
1423 3779 1427 3784 ⁸

322 3799 449 3894 reliquo
468 3814 665 3871 consecutus
688 3800 1031 3888 exercitu,‡ultimam
1054 3827 1185 3898 semper
1202 3807 1311 3886 aciem
1328 3833 1406 3878 car·

322 3907 453 4000 pendo,
471 3907 518 3974 sic
530 3905 779 3974 intereundum
798 3907 914 3977 decem
937 3907 1244 3983 millibusbostium
1261 3913 1406 3984 obtrun-

323 4011 671 4104 catis‚Ale,siamquum
678 4015 822 4094 venisset
830 4015 1171 4110 advesperam‚noete
1178 4017 1231 4087 illa
1242 4019 1405 4100 substitit.

323 4119 392 4206 Ubi
404 4117 526 4208 illuxit,
536 4121 688 4214 quamvis
701 4119 860 4198 altissimo
869 4124 931 4194 sita
944 4126 979 4192 in
993 4122 1093 4213 colle,
1101 4140 1140 4204 'et
1148 4125 1279 4198 duobus
1292 4151 1406 4224 prope
