<?xml version="1.0" encoding="UTF-8"?>
<!DOCTYPE html PUBLIC "-//W3C//DTD XHTML 1.0 Transitional//EN"
    "http://www.w3.org/TR/xhtml1/DTD/xhtml1-transitional.dtd">
<html xmlns="http://www.w3.org/1999/xhtml" xml:lang="en" lang="en">
 <head>
  <title>
</title>
<meta http-equiv="Content-Type" content="text/html;charset=utf-8" />
  <meta name='ocr-system' content='tesseract 3.04.00' />
  <meta name='ocr-capabilities' content='ocr_page ocr_carea ocr_par ocr_line ocrx_word'/>
</head>
<body>
  <div class='ocr_page' id='page_1' title='image "./caiusjuliuscsar00unkngoog_0198.png"; bbox 0 0 3000 5025; ppageno 0'>
   <div class='ocr_carea' id='block_1_1' title="bbox 300 455 1187 557">
    <p class='ocr_par' dir='ltr' id='par_1_1' title="bbox 300 455 1187 557">
     <span class='ocr_line' id='line_1_1' title="bbox 300 455 1187 557; baseline 0.005 -30"><span class='ocrx_word' id='word_1_1' title='bbox 300 458 371 527; x_wconf 90' lang='lat' dir='ltr'><strong>DE</strong></span> <span class='ocrx_word' id='word_1_2' title='bbox 398 458 528 528; x_wconf 89' lang='lat' dir='ltr'><strong>VITA</strong></span> <span class='ocrx_word' id='word_1_3' title='bbox 554 459 700 527; x_wconf 88' lang='lat' dir='ltr'>JULII</span> <span class='ocrx_word' id='word_1_4' title='bbox 728 455 974 529; x_wconf 82' lang='lat' dir='ltr'>CAESARIS.</span> <span class='ocrx_word' id='word_1_5' title='bbox 1114 459 1187 557; x_wconf 85' lang='lat'><strong>169</strong></span> 
     </span>
    </p>
   </div>
   <div class='ocr_carea' id='block_1_2' title="bbox 36 590 1191 3671">
    <p class='ocr_par' dir='ltr' id='par_1_2' title="bbox 36 590 1191 3671">
     <span class='ocr_line' id='line_1_2' title="bbox 112 590 1186 689; baseline 0.006 -32"><span class='ocrx_word' id='word_1_6' title='bbox 112 604 173 678; x_wconf 89' lang='lat' dir='ltr'><strong>ut,</strong></span> <span class='ocrx_word' id='word_1_7' title='bbox 188 614 229 658; x_wconf 91' lang='lat' dir='ltr'><strong>eo</strong></span> <span class='ocrx_word' id='word_1_8' title='bbox 242 590 403 677; x_wconf 89' lang='lat' dir='ltr'><strong>alienato,</strong></span> <span class='ocrx_word' id='word_1_9' title='bbox 422 593 533 660; x_wconf 83' lang='lat' dir='ltr'><strong>Caesar</strong></span> <span class='ocrx_word' id='word_1_10' title='bbox 550 604 645 685; x_wconf 87' lang='lat' dir='ltr'><strong>parte</strong></span> <span class='ocrx_word' id='word_1_11' title='bbox 659 590 821 663; x_wconf 83' lang='lat' dir='ltr'><strong>exercitus</strong></span> <span class='ocrx_word' id='word_1_12' title='bbox 839 594 1045 687; x_wconf 79' lang='lat' dir='ltr'><strong>privaretur3</strong></span> <span class='ocrx_word' id='word_1_13' title='bbox 1063 594 1186 689; x_wconf 92' lang='lat' dir='ltr'><strong>dequo</strong></span> 
     </span>
     <span class='ocr_line' id='line_1_3' title="bbox 123 695 1187 791; baseline 0.005 -26"><span class='ocrx_word' id='word_1_14' title='bbox 123 699 226 767; x_wconf 79' lang='lat' dir='ltr'><strong>Cesar</strong></span> <span class='ocrx_word' id='word_1_15' title='bbox 239 699 308 791; x_wconf 88' lang='lat' dir='ltr'><strong>ipse</strong></span> <span class='ocrx_word' id='word_1_16' title='bbox 326 696 431 766; x_wconf 89' lang='lat' dir='ltr'><strong>multa</strong></span> <span class='ocrx_word' id='word_1_17' title='bbox 449 697 601 785; x_wconf 71' lang='lat' dir='ltr'><strong>audmns,</strong></span> <span class='ocrx_word' id='word_1_18' title='bbox 614 695 660 765; x_wconf 90' lang='lat' dir='ltr'><strong>nil</strong></span> <span class='ocrx_word' id='word_1_19' title='bbox 679 699 857 787; x_wconf 88' lang='lat' dir='ltr'><strong>credebat,</strong></span> <span class='ocrx_word' id='word_1_20' title='bbox 876 703 1093 769; x_wconf 77' lang='lat' dir='ltr'><strong>constantiam</strong></span> <span class='ocrx_word' id='word_1_21' title='bbox 1109 701 1187 770; x_wconf 87' lang='lat' dir='ltr'><strong>alie·</strong></span> 
     </span>
     <span class='ocr_line' id='line_1_4' title="bbox 123 804 1187 899; baseline 0.007 -28"><span class='ocrx_word' id='word_1_22' title='bbox 123 828 192 873; x_wconf 90' lang='lat' dir='ltr'><strong>uam</strong></span> <span class='ocrx_word' id='word_1_23' title='bbox 213 828 272 874; x_wconf 83' lang='lat' dir='ltr'><strong>sua</strong></span> <span class='ocrx_word' id='word_1_24' title='bbox 293 804 432 873; x_wconf 86' lang='lat' dir='ltr'><strong>metiens</strong></span> <span class='ocrx_word' id='word_1_25' title='bbox 455 806 660 892; x_wconf 88' lang='lat' dir='ltr'><strong>constantia,</strong></span> <span class='ocrx_word' id='word_1_26' title='bbox 679 804 774 898; x_wconf 87' lang='lat' dir='ltr'><strong>cujus</strong></span> <span class='ocrx_word' id='word_1_27' title='bbox 795 805 920 875; x_wconf 85' lang='lat' dir='ltr'><strong>facturn</strong></span> <span class='ocrx_word' id='word_1_28' title='bbox 942 829 1004 899; x_wconf 92' lang='lat' dir='ltr'><strong>pro</strong></span> <span class='ocrx_word' id='word_1_29' title='bbox 1028 810 1187 877; x_wconf 88' lang='lat' dir='ltr'><strong>varietate</strong></span> 
     </span>
     <span class='ocr_line' id='line_1_5' title="bbox 36 910 1187 1006; baseline 0.003 -28"><span class='ocrx_word' id='word_1_30' title='bbox 36 986 38 1003; x_wconf 20' lang='grc' dir='ltr'><em>ἶ</em></span> <span class='ocrx_word' id='word_1_31' title='bbox 124 912 352 979; x_wconf 85' lang='lat' dir='ltr'><strong>sententiarum</strong></span> <span class='ocrx_word' id='word_1_32' title='bbox 377 926 411 979; x_wconf 88' lang='lat' dir='ltr'><strong>et</strong></span> <span class='ocrx_word' id='word_1_33' title='bbox 433 934 590 979; x_wconf 85' lang='lat' dir='ltr'><strong>excusare</strong></span> <span class='ocrx_word' id='word_1_34' title='bbox 615 910 692 979; x_wconf 89' lang='lat' dir='ltr'><strong>licet</strong></span> <span class='ocrx_word' id='word_1_35' title='bbox 713 927 747 981; x_wconf 92' lang='lat' dir='ltr'><strong>et</strong></span> <span class='ocrx_word' id='word_1_36' title='bbox 775 911 1026 1006; x_wconf 68' lang='lat' dir='ltr'><strong>reprehendere</strong></span> <span class='ocrx_word' id='word_1_37' title='bbox 1049 916 1137 984; x_wconf 88' lang='lat' dir='ltr'><strong>Nam</strong></span> <span class='ocrx_word' id='word_1_38' title='bbox 1159 916 1187 984; x_wconf 90' lang='lat' dir='ltr'><strong>si</strong></span> 
     </span>
     <span class='ocr_line' id='line_1_6' title="bbox 36 1018 1188 1115; baseline 0.01 -36"><span class='ocrx_word' id='word_1_39' title='bbox 36 1050 37 1079; x_wconf 26' lang='grc' dir='ltr'><em>ἢ</em></span> <span class='ocrx_word' id='word_1_40' title='bbox 123 1018 225 1087; x_wconf 78' lang='lat' dir='ltr'><strong>Cesar</strong></span> <span class='ocrx_word' id='word_1_41' title='bbox 240 1019 362 1111; x_wconf 85' lang='lat' dir='ltr'><strong>injuste</strong></span> <span class='ocrx_word' id='word_1_42' title='bbox 379 1032 496 1086; x_wconf 88' lang='lat' dir='ltr'><strong>contra</strong></span> <span class='ocrx_word' id='word_1_43' title='bbox 515 1020 655 1112; x_wconf 86' lang='lat' dir='ltr'><strong>patriam</strong></span> <span class='ocrx_word' id='word_1_44' title='bbox 668 1042 771 1115; x_wconf 83' lang='lat' dir='ltr'><strong>arma</strong></span> <span class='ocrx_word' id='word_1_45' title='bbox 789 1018 958 1102; x_wconf 85' lang='lat' dir='ltr'><strong>vertebat,</strong></span> <span class='ocrx_word' id='word_1_46' title='bbox 970 1019 1060 1112; x_wconf 84' lang='lat' dir='ltr'><strong>juste</strong></span> <span class='ocrx_word' id='word_1_47' title='bbox 1080 1020 1188 1090; x_wconf 89' lang='lat' dir='ltr'><strong>deseri</strong></span> 
     </span>
     <span class='ocr_line' id='line_1_7' title="bbox 36 1122 1185 1221; baseline 0.003 -30"><span class='ocrx_word' id='word_1_48' title='bbox 36 1150 37 1163; x_wconf 63' lang='lat'><em>³</em></span> <span class='ocrx_word' id='word_1_49' title='bbox 122 1127 237 1217; x_wconf 88' lang='lat' dir='ltr'><strong>potuit,</strong></span> <span class='ocrx_word' id='word_1_50' title='bbox 260 1139 295 1193; x_wconf 88' lang='lat' dir='ltr'><strong>et</strong></span> <span class='ocrx_word' id='word_1_51' title='bbox 312 1122 506 1219; x_wconf 51' lang='lat' dir='ltr'><strong>‚reipublicae</strong></span> <span class='ocrx_word' id='word_1_52' title='bbox 528 1127 646 1195; x_wconf 79' lang='lat' dir='ltr'><strong>cantas</strong></span> <span class='ocrx_word' id='word_1_53' title='bbox 666 1126 802 1219; x_wconf 88' lang='lat' dir='ltr'><strong>privatis</strong></span> <span class='ocrx_word' id='word_1_54' title='bbox 824 1124 998 1195; x_wconf 83' lang='lat' dir='ltr'><strong>affectibus</strong></span> <span class='ocrx_word' id='word_1_55' title='bbox 1019 1129 1185 1221; x_wconf 86' lang='lat' dir='ltr'><strong>anteponi.</strong></span> 
     </span>
     <span class='ocr_line' id='line_1_8' title="bbox 36 1228 1188 1326; baseline 0.01 -35"><span class='ocrx_word' id='word_1_56' title='bbox 36 1264 38 1291; x_wconf 50' lang='lat' dir='ltr'><strong>i</strong></span> <span class='ocrx_word' id='word_1_57' title='bbox 121 1228 268 1325; x_wconf 78' lang='lat' dir='ltr'><strong>Alioquin</strong></span> <span class='ocrx_word' id='word_1_58' title='bbox 290 1232 411 1325; x_wconf 78' lang='lat' dir='ltr'><strong>ingrati</strong></span> <span class='ocrx_word' id='word_1_59' title='bbox 433 1230 567 1301; x_wconf 86' lang='lat' dir='ltr'><strong>infamia</strong></span> <span class='ocrx_word' id='word_1_60' title='bbox 589 1256 657 1301; x_wconf 89' lang='lat' dir='ltr'><strong>non</strong></span> <span class='ocrx_word' id='word_1_61' title='bbox 677 1232 818 1320; x_wconf 83' lang='lat' dir='ltr'><strong>carebit,</strong></span> <span class='ocrx_word' id='word_1_62' title='bbox 841 1234 898 1326; x_wconf 89' lang='lat' dir='ltr'><strong>qui</strong></span> <span class='ocrx_word' id='word_1_63' title='bbox 920 1245 989 1300; x_wconf 84' lang='lat' dir='ltr'><strong>tam</strong></span> <span class='ocrx_word' id='word_1_64' title='bbox 1010 1256 1090 1301; x_wconf 89' lang='lat' dir='ltr'><strong>caro</strong></span> <span class='ocrx_word' id='word_1_65' title='bbox 1110 1234 1188 1303; x_wconf 89' lang='lat' dir='ltr'><strong>duci</strong></span> 
     </span>
     <span class='ocr_line' id='line_1_9' title="bbox 36 1336 1187 1432; baseline 0.003 -28"><span class='ocrx_word' id='word_1_66' title='bbox 36 1348 37 1351; x_wconf 76' lang='grc'>’</span> <span class='ocrx_word' id='word_1_67' title='bbox 121 1336 210 1405; x_wconf 87' lang='lat' dir='ltr'><strong>alium</strong></span> <span class='ocrx_word' id='word_1_68' title='bbox 232 1337 434 1431; x_wconf 81' lang='lat' dir='ltr'><strong>praetulerit,</strong></span> <span class='ocrx_word' id='word_1_69' title='bbox 453 1340 547 1432; x_wconf 88' lang='lat' dir='ltr'><strong>eique</strong></span> <span class='ocrx_word' id='word_1_70' title='bbox 569 1340 639 1407; x_wconf 90' lang='lat' dir='ltr'><strong>sine</strong></span> <span class='ocrx_word' id='word_1_71' title='bbox 662 1362 762 1408; x_wconf 88' lang='lat' dir='ltr'><strong>causa</strong></span> <span class='ocrx_word' id='word_1_72' title='bbox 785 1340 966 1408; x_wconf 87' lang='lat' dir='ltr'><strong>acerrimus</strong></span> <span class='ocrx_word' id='word_1_73' title='bbox 985 1339 1090 1409; x_wconf 87' lang='lat' dir='ltr'><strong>hostis</strong></span> <span class='ocrx_word' id='word_1_74' title='bbox 1110 1363 1187 1408; x_wconf 88' lang='lat' dir='ltr'><strong>eva·</strong></span> 
     </span>
     <span class='ocr_line' id='line_1_10' title="bbox 36 1436 1187 1541; baseline 0.003 -29"><span class='ocrx_word' id='word_1_75' title='bbox 36 1436 37 1439; x_wconf 26' lang='lat'>¹</span> <span class='ocrx_word' id='word_1_76' title='bbox 121 1445 197 1513; x_wconf 83' lang='lat' dir='ltr'><strong>serit</strong></span> <span class='ocrx_word' id='word_1_77' title='bbox 215 1447 265 1515; x_wconf 86' lang='lat' dir='ltr'><strong>Et</strong></span> <span class='ocrx_word' id='word_1_78' title='bbox 284 1444 436 1538; x_wconf 87' lang='lat' dir='ltr'><strong>profecto</strong></span> <span class='ocrx_word' id='word_1_79' title='bbox 454 1446 481 1514; x_wconf 89' lang='lat' dir='ltr'><strong>si</strong></span> <span class='ocrx_word' id='word_1_80' title='bbox 499 1445 702 1540; x_wconf 81' lang='lat' dir='ltr'><strong>ingratitudo</strong></span> <span class='ocrx_word' id='word_1_81' title='bbox 724 1445 807 1529; x_wconf 84' lang='lat' dir='ltr'><strong>fuit,</strong></span> <span class='ocrx_word' id='word_1_82' title='bbox 830 1460 880 1514; x_wconf 91' lang='lat' dir='ltr'><strong>sat</strong></span> <span class='ocrx_word' id='word_1_83' title='bbox 900 1445 1002 1540; x_wconf 84' lang='lat' dir='ltr'><strong>digno</strong></span> <span class='ocrx_word' id='word_1_84' title='bbox 1025 1446 1187 1541; x_wconf 87' lang='lat' dir='ltr'><strong>supplicio</strong></span> 
     </span>
     <span class='ocr_line' id='line_1_11' title="bbox 36 1550 1190 1646; baseline 0.003 -28"><span class='ocrx_word' id='word_1_85' title='bbox 36 1596 38 1641; x_wconf 43' lang='lat' dir='ltr'><strong>q</strong></span> <span class='ocrx_word' id='word_1_86' title='bbox 120 1552 225 1643; x_wconf 85' lang='lat' dir='ltr'><strong>punita</strong></span> <span class='ocrx_word' id='word_1_87' title='bbox 246 1550 329 1639; x_wconf 83' lang='lat' dir='ltr'><strong>lirit,</strong></span> <span class='ocrx_word' id='word_1_88' title='bbox 347 1566 385 1619; x_wconf 89' lang='lat' dir='ltr'><strong>ut</strong></span> <span class='ocrx_word' id='word_1_89' title='bbox 402 1554 476 1646; x_wconf 90' lang='lat' dir='ltr'><strong>qui,</strong></span> <span class='ocrx_word' id='word_1_90' title='bbox 492 1552 553 1621; x_wconf 92' lang='lat' dir='ltr'><strong>sub</strong></span> <span class='ocrx_word' id='word_1_91' title='bbox 569 1554 718 1637; x_wconf 79' lang='lat' dir='ltr'><strong>Casare,</strong></span> <span class='ocrx_word' id='word_1_92' title='bbox 738 1554 1026 1623; x_wconf 85' lang='lat' dir='ltr'><strong>victoriosissimus</strong></span> <span class='ocrx_word' id='word_1_93' title='bbox 1044 1554 1096 1621; x_wconf 89' lang='lat' dir='ltr'><strong>vir</strong></span> <span class='ocrx_word' id='word_1_94' title='bbox 1113 1552 1190 1623; x_wconf 82' lang='lat' dir='ltr'><strong>fitis-</strong></span> 
     </span>
     <span class='ocr_line' id='line_1_12' title="bbox 120 1658 1186 1753; baseline 0.003 -27.781"><span class='ocrx_word' id='word_1_95' title='bbox 120 1671 177 1746; x_wconf 85' lang='lat' dir='ltr'><strong>set,</strong></span> <span class='ocrx_word' id='word_1_96' title='bbox 198 1658 261 1727; x_wconf 90' lang='lat' dir='ltr'><strong>sub</strong></span> <span class='ocrx_word' id='word_1_97' title='bbox 292 1660 451 1753; x_wconf 87' lang='lat' dir='ltr'><strong>Pompeio</strong></span> <span class='ocrx_word' id='word_1_98' title='bbox 479 1658 707 1753; x_wconf 71' lang='lat' dir='ltr'><strong>fligatissimus</strong></span> <span class='ocrx_word' id='word_1_99' title='bbox 736 1660 843 1729; x_wconf 87' lang='lat' dir='ltr'><strong>factus</strong></span> <span class='ocrx_word' id='word_1_100' title='bbox 871 1660 932 1743; x_wconf 88' lang='lat' dir='ltr'><strong>sit,</strong></span> <span class='ocrx_word' id='word_1_101' title='bbox 955 1674 1094 1728; x_wconf 89' lang='lat' dir='ltr'><strong>mutata·</strong></span> <span class='ocrx_word' id='word_1_102' title='bbox 1108 1684 1186 1729; x_wconf 89' lang='lat' dir='ltr'><strong>cum</strong></span> 
     </span>
     <span class='ocr_line' id='line_1_13' title="bbox 120 1762 1187 1860; baseline 0.003 -28.708"><span class='ocrx_word' id='word_1_103' title='bbox 120 1762 210 1853; x_wconf 90' lang='lat' dir='ltr'><strong>duce,</strong></span> <span class='ocrx_word' id='word_1_104' title='bbox 233 1788 304 1833; x_wconf 91' lang='lat' dir='ltr'><strong>non</strong></span> <span class='ocrx_word' id='word_1_105' title='bbox 320 1764 454 1833; x_wconf 85' lang='lat' dir='ltr'><strong>fortuna</strong></span> <span class='ocrx_word' id='word_1_106' title='bbox 476 1778 606 1834; x_wconf 89' lang='lat' dir='ltr'><strong>tautum</strong></span> <span class='ocrx_word' id='word_1_107' title='bbox 623 1767 783 1853; x_wconf 88' lang='lat' dir='ltr'><strong>hominis,</strong></span> <span class='ocrx_word' id='word_1_108' title='bbox 802 1765 860 1835; x_wconf 87' lang='lat' dir='ltr'><strong>sed</strong></span> <span class='ocrx_word' id='word_1_109' title='bbox 881 1767 1026 1854; x_wconf 75' lang='lat' dir='ltr'><strong>virtute,</strong></span> <span class='ocrx_word' id='word_1_110' title='bbox 1044 1766 1134 1860; x_wconf 89' lang='lat' dir='ltr'><strong>quod</strong></span> <span class='ocrx_word' id='word_1_111' title='bbox 1152 1767 1187 1835; x_wconf 91' lang='lat' dir='ltr'><strong>iu</strong></span> 
     </span>
     <span class='ocr_line' id='line_1_14' title="bbox 36 1868 1186 1968; baseline 0.004 -31"><span class='ocrx_word' id='word_1_112' title='bbox 36 1942 38 1959; x_wconf 56' lang='lat'>‚</span> <span class='ocrx_word' id='word_1_113' title='bbox 120 1894 186 1939; x_wconf 87' lang='lat' dir='ltr'><strong>eum</strong></span> <span class='ocrx_word' id='word_1_114' title='bbox 204 1868 385 1965; x_wconf 89' lang='lat' dir='ltr'><strong>aliquando</strong></span> <span class='ocrx_word' id='word_1_115' title='bbox 397 1873 509 1941; x_wconf 84' lang='lat' dir='ltr'><strong>Caesar</strong></span> <span class='ocrx_word' id='word_1_116' title='bbox 522 1873 723 1944; x_wconf 83' lang='lat' dir='ltr'><strong>mordaciter</strong></span> <span class='ocrx_word' id='word_1_117' title='bbox 736 1872 970 1968; x_wconf 86' lang='lat' dir='ltr'><strong>exprobrando</strong></span> <span class='ocrx_word' id='word_1_118' title='bbox 986 1871 1106 1942; x_wconf 82' lang='lat' dir='ltr'><strong>dixisse</strong></span> <span class='ocrx_word' id='word_1_119' title='bbox 1118 1888 1186 1942; x_wconf 87' lang='lat' dir='ltr'><strong>tra·</strong></span> 
     </span>
     <span class='ocr_line' id='line_1_15' title="bbox 36 1974 1187 2074; baseline 0.003 -30"><span class='ocrx_word' id='word_1_120' title='bbox 36 1988 38 2057; x_wconf 66' lang='lat' dir='ltr'><strong>i</strong></span> <span class='ocrx_word' id='word_1_121' title='bbox 119 1974 206 2046; x_wconf 88' lang='lat' dir='ltr'><strong>ditur.</strong></span> <span class='ocrx_word' id='word_1_122' title='bbox 228 1980 317 2047; x_wconf 87' lang='lat' dir='ltr'><strong>Sane</strong></span> <span class='ocrx_word' id='word_1_123' title='bbox 339 1976 479 2073; x_wconf 78' lang='lat' dir='ltr'><strong>qualiter</strong></span> <span class='ocrx_word' id='word_1_124' title='bbox 499 1992 558 2048; x_wconf 89' lang='lat' dir='ltr'><strong>aut</strong></span> <span class='ocrx_word' id='word_1_125' title='bbox 578 1980 712 2074; x_wconf 91' lang='lat' dir='ltr'><strong>quando</strong></span> <span class='ocrx_word' id='word_1_126' title='bbox 728 1979 931 2068; x_wconf 85' lang='lat' dir='ltr'><strong>discesserit,</strong></span> <span class='ocrx_word' id='word_1_127' title='bbox 950 2004 1050 2074; x_wconf 84' lang='lat' dir='ltr'><strong>seque</strong></span> <span class='ocrx_word' id='word_1_128' title='bbox 1067 2004 1187 2049; x_wconf 84' lang='lat' dir='ltr'><strong>vocan-</strong></span> 
     </span>
     <span class='ocr_line' id='line_1_16' title="bbox 36 2083 1186 2180; baseline 0.01 -35"><span class='ocrx_word' id='word_1_129' title='bbox 36 2126 38 2145; x_wconf 78' lang='lat'>.</span> <span class='ocrx_word' id='word_1_130' title='bbox 119 2083 192 2153; x_wconf 89' lang='lat' dir='ltr'><strong>tium</strong></span> <span class='ocrx_word' id='word_1_131' title='bbox 205 2084 394 2153; x_wconf 87' lang='lat' dir='ltr'><strong>hortatibus</strong></span> <span class='ocrx_word' id='word_1_132' title='bbox 409 2086 587 2179; x_wconf 76' lang='lat' dir='ltr'><strong>nequierit,</strong></span> <span class='ocrx_word' id='word_1_133' title='bbox 604 2112 673 2155; x_wconf 89' lang='lat' dir='ltr'><strong>non</strong></span> <span class='ocrx_word' id='word_1_134' title='bbox 689 2087 840 2173; x_wconf 82' lang='lat' dir='ltr'><strong>inveni03</strong></span> <span class='ocrx_word' id='word_1_135' title='bbox 854 2088 916 2155; x_wconf 91' lang='lat' dir='ltr'><strong>nisi</strong></span> <span class='ocrx_word' id='word_1_136' title='bbox 930 2086 1020 2180; x_wconf 91' lang='lat' dir='ltr'><strong>quod</strong></span> <span class='ocrx_word' id='word_1_137' title='bbox 1034 2085 1124 2156; x_wconf 89' lang='lat' dir='ltr'><strong>libro·</strong></span> <span class='ocrx_word' id='word_1_138' title='bbox 1133 2110 1186 2158; x_wconf 80' lang='lat' dir='ltr'><strong>vlt</strong></span> 
     </span>
     <span class='ocr_line' id='line_1_17' title="bbox 119 2190 1185 2287; baseline 0.007 -31"><span class='ocrx_word' id='word_1_139' title='bbox 119 2190 325 2283; x_wconf 80' lang='lat' dir='ltr'><strong>epistolarum</strong></span> <span class='ocrx_word' id='word_1_140' title='bbox 335 2192 514 2261; x_wconf 83' lang='lat' dir='ltr'><strong>Ciceronis</strong></span> <span class='ocrx_word' id='word_1_141' title='bbox 536 2192 579 2261; x_wconf 86' lang='lat' dir='ltr'><strong>ad</strong></span> <span class='ocrx_word' id='word_1_142' title='bbox 596 2194 762 2282; x_wconf 87' lang='lat' dir='ltr'><strong>Atticum,</strong></span> <span class='ocrx_word' id='word_1_143' title='bbox 780 2218 821 2262; x_wconf 90' lang='lat' dir='ltr'><strong>eo</strong></span> <span class='ocrx_word' id='word_1_144' title='bbox 838 2208 1006 2287; x_wconf 86' lang='lat' dir='ltr'><strong>ternpore,</strong></span> <span class='ocrx_word' id='word_1_145' title='bbox 1028 2216 1096 2287; x_wconf 90' lang='lat' dir='ltr'><strong>quo</strong></span> <span class='ocrx_word' id='word_1_146' title='bbox 1113 2194 1185 2263; x_wconf 83' lang='lat' dir='ltr'><strong>haec</strong></span> 
     </span>
     <span class='ocr_line' id='line_1_18' title="bbox 36 2292 1191 2394; baseline 0.004 -31"><span class='ocrx_word' id='word_1_147' title='bbox 36 2292 37 2301; x_wconf 39' lang='lat'><strong>³</strong></span> <span class='ocrx_word' id='word_1_148' title='bbox 118 2295 147 2363; x_wconf 93' lang='lat' dir='ltr'><strong>in</strong></span> <span class='ocrx_word' id='word_1_149' title='bbox 163 2296 334 2393; x_wconf 84' lang='lat' dir='ltr'><strong>republica</strong></span> <span class='ocrx_word' id='word_1_150' title='bbox 351 2297 495 2386; x_wconf 86' lang='lat' dir='ltr'><strong>fiebant,</strong></span> <span class='ocrx_word' id='word_1_151' title='bbox 514 2300 559 2367; x_wconf 88' lang='lat' dir='ltr'><strong>ita</strong></span> <span class='ocrx_word' id='word_1_152' title='bbox 577 2301 737 2394; x_wconf 86' lang='lat' dir='ltr'><strong>scriptum</strong></span> <span class='ocrx_word' id='word_1_153' title='bbox 756 2315 807 2369; x_wconf 88' lang='lat' dir='ltr'><strong>est</strong></span> <span class='ocrx_word' id='word_1_154' title='bbox 818 2299 1014 2369; x_wconf 64' lang='lat' dir='ltr'><strong>:tabanus</strong></span> <span class='ocrx_word' id='word_1_155' title='bbox 1033 2299 1191 2371; x_wconf 65' lang='lat' dir='ltr'><strong>(lucessit</strong></span> 
     </span>
     <span class='ocr_line' id='line_1_19' title="bbox 119 2404 1187 2502; baseline 0.006 -32"><span class='ocrx_word' id='word_1_156' title='bbox 119 2426 139 2470; x_wconf 90' lang='lat' dir='ltr'><strong>a</strong></span> <span class='ocrx_word' id='word_1_157' title='bbox 160 2406 369 2473; x_wconf 73' lang='lat' dir='ltr'><strong>Casaretet</strong></span> <span class='ocrx_word' id='word_1_158' title='bbox 390 2406 424 2472; x_wconf 91' lang='lat' dir='ltr'><strong>in</strong></span> <span class='ocrx_word' id='word_1_159' title='bbox 450 2404 515 2473; x_wconf 84' lang='lat' dir='ltr'><strong>alia</strong></span> <span class='ocrx_word' id='word_1_160' title='bbox 541 2407 653 2475; x_wconf 85' lang='lat' dir='ltr'><strong>statim</strong></span> <span class='ocrx_word' id='word_1_161' title='bbox 679 2405 818 2502; x_wconf 86' lang='lat' dir='ltr'><strong>epistola</strong></span> <span class='ocrx_word' id='word_1_162' title='bbox 836 2432 843 2475; x_wconf 92' lang='lat'>:</span> <span class='ocrx_word' id='word_1_163' title='bbox 864 2406 1057 2475; x_wconf 78' lang='lat' dir='ltr'><strong>Labienum</strong></span> <span class='ocrx_word' id='word_1_164' title='bbox 1077 2406 1125 2475; x_wconf 86' lang='lat' dir='ltr'><strong>ab</strong></span> <span class='ocrx_word' id='word_1_165' title='bbox 1145 2416 1187 2476; x_wconf 82' lang='lat' dir='ltr'><strong>eo</strong></span> 
     </span>
     <span class='ocr_line' id='line_1_20' title="bbox 118 2508 1187 2608; baseline 0.003 -29"><span class='ocrx_word' id='word_1_166' title='bbox 118 2508 305 2581; x_wconf 70' lang='lat' dir='ltr'><strong>discessisse</strong></span> <span class='ocrx_word' id='word_1_167' title='bbox 308 2510 559 2608; x_wconf 82' lang='lat' dir='ltr'><strong>propemodum</strong></span> <span class='ocrx_word' id='word_1_168' title='bbox 578 2529 723 2583; x_wconf 82' lang='lat' dir='ltr'><strong>coastat.</strong></span> <span class='ocrx_word' id='word_1_169' title='bbox 741 2517 785 2583; x_wconf 91' lang='lat' dir='ltr'><strong>Et</strong></span> <span class='ocrx_word' id='word_1_170' title='bbox 800 2527 877 2608; x_wconf 87' lang='lat' dir='ltr'><strong>post</strong></span> <span class='ocrx_word' id='word_1_171' title='bbox 892 2537 998 2607; x_wconf 87' lang='lat' dir='ltr'><strong>pauca</strong></span> <span class='ocrx_word' id='word_1_172' title='bbox 1011 2511 1056 2581; x_wconf 92' lang='lat' dir='ltr'><strong>de</strong></span> <span class='ocrx_word' id='word_1_173' title='bbox 1068 2514 1187 2584; x_wconf 89' lang='lat' dir='ltr'><strong>eodem</strong></span> 
     </span>
     <span class='ocr_line' id='line_1_21' title="bbox 119 2617 1188 2714; baseline 0.005 -30"><span class='ocrx_word' id='word_1_174' title='bbox 119 2617 271 2714; x_wconf 86' lang='lat' dir='ltr'><strong>simulque</strong></span> <span class='ocrx_word' id='word_1_175' title='bbox 283 2617 326 2686; x_wconf 89' lang='lat' dir='ltr'><strong>de</strong></span> <span class='ocrx_word' id='word_1_176' title='bbox 340 2621 471 2688; x_wconf 83' lang='lat' dir='ltr'><strong>Caesare</strong></span> <span class='ocrx_word' id='word_1_177' title='bbox 487 2618 625 2714; x_wconf 87' lang='lat' dir='ltr'><strong>loquens</strong></span> <span class='ocrx_word' id='word_1_178' title='bbox 639 2621 812 2711; x_wconf 57' lang='lat' dir='ltr'><strong>:facilius</strong></span> <span class='ocrx_word' id='word_1_179' title='bbox 827 2621 947 2713; x_wconf 90' lang='lat' dir='ltr'><strong>inquit,</strong></span> <span class='ocrx_word' id='word_1_180' title='bbox 956 2643 1025 2712; x_wconf 87' lang='lat' dir='ltr'><strong>quo</strong></span> <span class='ocrx_word' id='word_1_181' title='bbox 1031 2619 1113 2710; x_wconf 82' lang='lat' dir='ltr'><strong>jam</strong></span> <span class='ocrx_word' id='word_1_182' title='bbox 1127 2621 1188 2689; x_wconf 84' lang='lat' dir='ltr'><strong>diu</strong></span> 
     </span>
     <span class='ocr_line' id='line_1_22' title="bbox 118 2725 1187 2820; baseline 0 -26"><span class='ocrx_word' id='word_1_183' title='bbox 118 2726 236 2794; x_wconf 80' lang='lat' dir='ltr'><strong>nullum</strong></span> <span class='ocrx_word' id='word_1_184' title='bbox 259 2726 357 2796; x_wconf 75' lang='lat' dir='ltr'><strong>civile</strong></span> <span class='ocrx_word' id='word_1_185' title='bbox 365 2727 599 2820; x_wconf 70' lang='lat' dir='ltr'><strong>praeclarius:</strong></span> <span class='ocrx_word' id='word_1_186' title='bbox 616 2733 679 2820; x_wconf 86' lang='lat' dir='ltr'><strong>qui</strong></span> <span class='ocrx_word' id='word_1_187' title='bbox 689 2739 732 2794; x_wconf 83' lang='lat' dir='ltr'><strong>&#39;ut</strong></span> <span class='ocrx_word' id='word_1_188' title='bbox 751 2725 851 2794; x_wconf 70' lang='lat' dir='ltr'><strong>abital</strong></span> <span class='ocrx_word' id='word_1_189' title='bbox 862 2725 963 2811; x_wconf 71' lang='lat' dir='ltr'><strong>aaut,</strong></span> <span class='ocrx_word' id='word_1_190' title='bbox 985 2727 1052 2793; x_wconf 84' lang='lat' dir='ltr'><strong>boc</strong></span> <span class='ocrx_word' id='word_1_191' title='bbox 1071 2743 1187 2795; x_wconf 85' lang='lat' dir='ltr'><strong>tamea</strong></span> 
     </span>
     <span class='ocr_line' id='line_1_23' title="bbox 113 2830 1188 2928; baseline 0.003 -30"><span class='ocrx_word' id='word_1_192' title='bbox 113 2833 278 2924; x_wconf 74' lang='lat' dir='ltr'><strong>profecit:</strong></span> <span class='ocrx_word' id='word_1_193' title='bbox 292 2830 386 2900; x_wconf 79' lang='lat' dir='ltr'><strong>dedu</strong></span> <span class='ocrx_word' id='word_1_194' title='bbox 401 2833 455 2900; x_wconf 85' lang='lat' dir='ltr'><strong>illi</strong></span> <span class='ocrx_word' id='word_1_195' title='bbox 472 2832 645 2902; x_wconf 84' lang='lat' dir='ltr'><strong>dolorem:</strong></span> <span class='ocrx_word' id='word_1_196' title='bbox 662 2832 728 2902; x_wconf 87' lang='lat' dir='ltr'><strong>sed</strong></span> <span class='ocrx_word' id='word_1_197' title='bbox 742 2837 848 2901; x_wconf 83' lang='lat' dir='ltr'><strong>etiam</strong></span> <span class='ocrx_word' id='word_1_198' title='bbox 869 2830 922 2900; x_wconf 80' lang='lat' dir='ltr'><strong>ad</strong></span> <span class='ocrx_word' id='word_1_199' title='bbox 932 2855 1099 2900; x_wconf 87' lang='lat' dir='ltr'><strong>summam</strong></span> <span class='ocrx_word' id='word_1_200' title='bbox 1106 2856 1188 2928; x_wconf 79' lang='lat' dir='ltr'><strong>pro</strong></span> 
     </span>
     <span class='ocr_line' id='line_1_24' title="bbox 36 2921 1186 3034; baseline 0 -28"><span class='ocrx_word' id='word_1_201' title='bbox 36 2921 38 2934; x_wconf 54' lang='grc'>’</span> <span class='ocrx_word' id='word_1_202' title='bbox 109 2937 235 3024; x_wconf 81' lang='lat' dir='ltr'><strong>sermm</strong></span> <span class='ocrx_word' id='word_1_203' title='bbox 258 2937 493 3034; x_wconf 68' lang='lat' dir='ltr'><strong>altqurdputo</strong></span> <span class='ocrx_word' id='word_1_204' title='bbox 506 2965 519 3006; x_wconf 78' lang='lat' dir='ltr'><strong>s</strong></span> <span class='ocrx_word' id='word_1_205' title='bbox 533 2963 595 3008; x_wconf 91' lang='lat' dir='ltr'><strong>nec</strong></span> <span class='ocrx_word' id='word_1_206' title='bbox 616 2937 715 3034; x_wconf 83' lang='lat' dir='ltr'><strong>longe</strong></span> <span class='ocrx_word' id='word_1_207' title='bbox 737 2952 833 3032; x_wconf 89' lang='lat' dir='ltr'><strong>post:</strong></span> <span class='ocrx_word' id='word_1_208' title='bbox 847 2937 1039 3023; x_wconf 68' lang='lat' dir='ltr'><strong>Labienus,</strong></span> <span class='ocrx_word' id='word_1_209' title='bbox 1064 2940 1186 3034; x_wconf 91' lang='lat' dir='ltr'><strong>inquit,</strong></span> 
     </span>
     <span class='ocr_line' id='line_1_25' title="bbox 36 3044 1187 3140; baseline 0.004 -30"><span class='ocrx_word' id='word_1_210' title='bbox 36 3051 43 3128; x_wconf 68' lang='grc' dir='ltr'><strong>ὲ,</strong></span> <span class='ocrx_word' id='word_1_211' title='bbox 118 3049 164 3111; x_wconf 79' lang='lat' dir='ltr'><strong>air</strong></span> <span class='ocrx_word' id='word_1_212' title='bbox 187 3069 267 3114; x_wconf 85' lang='lat' dir='ltr'><strong>mea</strong></span> <span class='ocrx_word' id='word_1_213' title='bbox 288 3050 460 3113; x_wconf 80' lang='lat' dir='ltr'><strong>sententia</strong></span> <span class='ocrx_word' id='word_1_214' title='bbox 485 3067 649 3140; x_wconf 77' lang='lat' dir='ltr'><strong>magnus,</strong></span> <span class='ocrx_word' id='word_1_215' title='bbox 675 3046 850 3114; x_wconf 74' lang='lat' dir='ltr'><strong>Theatrum</strong></span> <span class='ocrx_word' id='word_1_216' title='bbox 871 3049 993 3113; x_wconf 78' lang='lat' dir='ltr'><strong>venit:</strong></span> <span class='ocrx_word' id='word_1_217' title='bbox 1012 3044 1062 3113; x_wconf 84' lang='lat' dir='ltr'><strong>ibi</strong></span> <span class='ocrx_word' id='word_1_218' title='bbox 1083 3050 1187 3115; x_wconf 91' lang='lat' dir='ltr'><strong>Pom·</strong></span> 
     </span>
     <span class='ocr_line' id='line_1_26' title="bbox 36 3145 1191 3249; baseline 0.002 -29"><span class='ocrx_word' id='word_1_219' title='bbox 36 3161 37 3246; x_wconf 61' lang='lat' dir='ltr'>J</span> <span class='ocrx_word' id='word_1_220' title='bbox 113 3156 219 3242; x_wconf 81' lang='lat' dir='ltr'><strong>petum</strong></span> <span class='ocrx_word' id='word_1_221' title='bbox 246 3152 470 3245; x_wconf 84' lang='lat' dir='ltr'><strong>consulesque</strong></span> <span class='ocrx_word' id='word_1_222' title='bbox 495 3145 684 3222; x_wconf 69' lang='lat' dir='ltr'><strong>convenii:</strong></span> <span class='ocrx_word' id='word_1_223' title='bbox 704 3157 766 3246; x_wconf 80' lang='lat' dir='ltr'><strong>qui</strong></span> <span class='ocrx_word' id='word_1_224' title='bbox 782 3151 1033 3249; x_wconf 76' lang='lat' dir='ltr'><strong>sermofioerit,</strong></span> <span class='ocrx_word' id='word_1_225' title='bbox 1050 3153 1191 3246; x_wconf 81' lang='lat' dir='ltr'><strong>etquid</strong></span> 
     </span>
     <span class='ocr_line' id='line_1_27' title="bbox 36 3253 1186 3352; baseline 0.002 -27"><span class='ocrx_word' id='word_1_226' title='bbox 36 3253 37 3258; x_wconf 62' lang='grc'>’</span> <span class='ocrx_word' id='word_1_227' title='bbox 119 3273 223 3326; x_wconf 81' lang='lat' dir='ltr'><strong>actum</strong></span> <span class='ocrx_word' id='word_1_228' title='bbox 239 3263 301 3346; x_wconf 72' lang='lat' dir='ltr'><strong>stt,</strong></span> <span class='ocrx_word' id='word_1_229' title='bbox 316 3256 465 3329; x_wconf 77' lang='lat' dir='ltr'><strong>scribam</strong></span> <span class='ocrx_word' id='word_1_230' title='bbox 480 3258 533 3327; x_wconf 84' lang='lat' dir='ltr'><strong>ad</strong></span> <span class='ocrx_word' id='word_1_231' title='bbox 543 3269 579 3326; x_wconf 82' lang='lat' dir='ltr'><strong>te</strong></span> <span class='ocrx_word' id='word_1_232' title='bbox 590 3283 693 3352; x_wconf 87' lang='lat' dir='ltr'><strong>quum</strong></span> <span class='ocrx_word' id='word_1_233' title='bbox 706 3275 834 3328; x_wconf 83' lang='lat' dir='ltr'><strong>certum</strong></span> <span class='ocrx_word' id='word_1_234' title='bbox 847 3261 965 3326; x_wconf 77' lang='lat' dir='ltr'><strong>sciam.</strong></span> <span class='ocrx_word' id='word_1_235' title='bbox 978 3260 1026 3325; x_wconf 84' lang='lat' dir='ltr'><strong>Et</strong></span> <span class='ocrx_word' id='word_1_236' title='bbox 1038 3283 1186 3327; x_wconf 84' lang='lat' dir='ltr'><strong>rursum:</strong></span> 
     </span>
     <span class='ocr_line' id='line_1_28' title="bbox 36 3357 1189 3458; baseline 0.003 -28"><span class='ocrx_word' id='word_1_237' title='bbox 36 3405 37 3454; x_wconf 79' lang='lat'>1</span> <span class='ocrx_word' id='word_1_238' title='bbox 120 3365 327 3458; x_wconf 69' lang='lat' dir='ltr'><strong>clamantum</strong></span> <span class='ocrx_word' id='word_1_239' title='bbox 349 3363 449 3434; x_wconf 82' lang='lat' dir='ltr'><strong>nobis</strong></span> <span class='ocrx_word' id='word_1_240' title='bbox 467 3369 577 3434; x_wconf 82' lang='lat' dir='ltr'><strong>animi</strong></span> <span class='ocrx_word' id='word_1_241' title='bbox 594 3357 730 3434; x_wconf 72' lang='lat' dir='ltr'><strong>uatem</strong></span> <span class='ocrx_word' id='word_1_242' title='bbox 749 3367 907 3434; x_wconf 64' lang='lat' dir='ltr'><strong>attubase</strong></span> <span class='ocrx_word' id='word_1_243' title='bbox 921 3361 1103 3432; x_wconf 68' lang='lat' dir='ltr'><strong>Labienus.</strong></span> <span class='ocrx_word' id='word_1_244' title='bbox 1124 3367 1189 3434; x_wconf 79' lang='lat' dir='ltr'><strong>De·</strong></span> 
     </span>
     <span class='ocr_line' id='line_1_29' title="bbox 36 3463 1183 3566; baseline 0.005 -32"><span class='ocrx_word' id='word_1_245' title='bbox 36 3475 37 3524; x_wconf 65' lang='lat' dir='ltr'><strong>i</strong></span> <span class='ocrx_word' id='word_1_246' title='bbox 120 3469 209 3563; x_wconf 89' lang='lat' dir='ltr'><strong>nique</strong></span> <span class='ocrx_word' id='word_1_247' title='bbox 221 3470 262 3540; x_wconf 89' lang='lat' dir='ltr'><strong>de</strong></span> <span class='ocrx_word' id='word_1_248' title='bbox 274 3470 437 3564; x_wconf 40' lang='lat' dir='ltr'><strong>*Pompeio</strong></span> <span class='ocrx_word' id='word_1_249' title='bbox 449 3469 786 3566; x_wconf 83' lang='lat' dir='ltr'><strong>agens:Labieuum,</strong></span> <span class='ocrx_word' id='word_1_250' title='bbox 799 3471 922 3564; x_wconf 89' lang='lat' dir='ltr'><strong>inquit,</strong></span> <span class='ocrx_word' id='word_1_251' title='bbox 935 3493 1050 3538; x_wconf 84' lang='lat' dir='ltr'><strong>secum</strong></span> <span class='ocrx_word' id='word_1_252' title='bbox 1063 3463 1183 3558; x_wconf 73' lang='lat' dir='ltr'><strong>babet,</strong></span> 
     </span>
     <span class='ocr_line' id='line_1_30' title="bbox 36 3571 1187 3671; baseline 0.003 -29"><span class='ocrx_word' id='word_1_253' title='bbox 36 3571 38 3632; x_wconf 60' lang='lat'>5</span> <span class='ocrx_word' id='word_1_254' title='bbox 120 3595 181 3644; x_wconf 83' lang='lat' dir='ltr'><strong>aaa</strong></span> <span class='ocrx_word' id='word_1_255' title='bbox 203 3575 418 3648; x_wconf 73' lang='lat' dir='ltr'><strong>dubitantem</strong></span> <span class='ocrx_word' id='word_1_256' title='bbox 441 3577 485 3646; x_wconf 79' lang='lat' dir='ltr'><strong>de</strong></span> <span class='ocrx_word' id='word_1_257' title='bbox 506 3576 737 3648; x_wconf 64' lang='lat' dir='ltr'><strong>imbecillitate</strong></span> <span class='ocrx_word' id='word_1_258' title='bbox 763 3579 915 3648; x_wconf 64' lang='lat' dir='ltr'><strong>caesara</strong></span> <span class='ocrx_word' id='word_1_259' title='bbox 935 3581 1122 3671; x_wconf 72' lang='lat' dir='ltr'><strong>copiarum·</strong></span> <span class='ocrx_word' id='word_1_260' title='bbox 1146 3581 1187 3646; x_wconf 87' lang='lat' dir='ltr'><strong>ln</strong></span> 
     </span>
    </p>
   </div>
   <div class='ocr_carea' id='block_1_3' title="bbox 36 3675 1189 4212">
    <p class='ocr_par' dir='ltr' id='par_1_3' title="bbox 36 3669 1189 4216">
     <span class='ocr_line' id='line_1_31' title="bbox 121 3675 1189 3778; baseline 0.007 -33.41"><span class='ocrx_word' id='word_1_261' title='bbox 121 3703 180 3771; x_wconf 89' lang='lat' dir='ltr'><strong>quo</strong></span> <span class='ocrx_word' id='word_1_262' title='bbox 199 3683 340 3778; x_wconf 87' lang='lat' dir='ltr'><strong>quidem·</strong></span> <span class='ocrx_word' id='word_1_263' title='bbox 357 3698 426 3752; x_wconf 89' lang='lat' dir='ltr'><strong>tam</strong></span> <span class='ocrx_word' id='word_1_264' title='bbox 446 3683 487 3752; x_wconf 87' lang='lat' dir='ltr'><strong>de</strong></span> <span class='ocrx_word' id='word_1_265' title='bbox 509 3684 694 3754; x_wconf 84' lang='lat' dir='ltr'><strong>indubitato</strong></span> <span class='ocrx_word' id='word_1_266' title='bbox 712 3684 840 3778; x_wconf 84' lang='lat' dir='ltr'><strong>judicio</strong></span> <span class='ocrx_word' id='word_1_267' title='bbox 859 3675 1033 3776; x_wconf 76' lang='lat' dir='ltr'><strong>longe(r&#39;rt</strong></span> <span class='ocrx_word' id='word_1_268' title='bbox 1055 3706 1108 3752; x_wconf 85' lang='lat' dir='ltr'><strong>res</strong></span> <span class='ocrx_word' id='word_1_269' title='bbox 1132 3682 1189 3752; x_wconf 92' lang='lat' dir='ltr'><strong>do·</strong></span> 
     </span>
     <span class='ocr_line' id='line_1_32' title="bbox 36 3778 1186 3884; baseline 0.005 -32"><span class='ocrx_word' id='word_1_270' title='bbox 36 3855 37 3872; x_wconf 29' lang='lat'>2</span> <span class='ocrx_word' id='word_1_271' title='bbox 122 3781 205 3878; x_wconf 83' lang='lat' dir='ltr'><strong>cuit)</strong></span> <span class='ocrx_word' id='word_1_272' title='bbox 220 3785 404 3860; x_wconf 85' lang='lat' dir='ltr'><strong>fallebatur.</strong></span> <span class='ocrx_word' id='word_1_273' title='bbox 421 3791 584 3880; x_wconf 86' lang='lat' dir='ltr'><strong>Quamvis</strong></span> <span class='ocrx_word' id='word_1_274' title='bbox 598 3813 679 3860; x_wconf 82' lang='lat' dir='ltr'><strong>vero</strong></span> <span class='ocrx_word' id='word_1_275' title='bbox 697 3789 817 3860; x_wconf 89' lang='lat' dir='ltr'><strong>modus</strong></span> <span class='ocrx_word' id='word_1_276' title='bbox 830 3778 1024 3858; x_wconf 77' lang='lat' dir='ltr'><strong>transeundi</strong></span> <span class='ocrx_word' id='word_1_277' title='bbox 1042 3810 1110 3857; x_wconf 88' lang='lat' dir='ltr'><strong>non</strong></span> <span class='ocrx_word' id='word_1_278' title='bbox 1128 3815 1186 3884; x_wconf 92' lang='lat' dir='ltr'><strong>pe·</strong></span> 
     </span>
     <span class='ocr_line' id='line_1_33' title="bbox 36 3883 1188 3992; baseline 0.003 -30"><span class='ocrx_word' id='word_1_279' title='bbox 36 3883 37 3962; x_wconf 62' lang='lat' dir='ltr'><strong>l</strong></span> <span class='ocrx_word' id='word_1_280' title='bbox 121 3891 202 3963; x_wconf 87' lang='lat' dir='ltr'><strong>nitus</strong></span> <span class='ocrx_word' id='word_1_281' title='bbox 220 3909 329 3966; x_wconf 82' lang='lat' dir='ltr'><strong>notus¹</strong></span> <span class='ocrx_word' id='word_1_282' title='bbox 346 3898 407 3983; x_wconf 87' lang='lat' dir='ltr'><strong>sit,</strong></span> <span class='ocrx_word' id='word_1_283' title='bbox 427 3895 629 3992; x_wconf 77' lang='lat' dir='ltr'><strong>illudplaue</strong></span> <span class='ocrx_word' id='word_1_284' title='bbox 655 3910 865 3992; x_wconf 81' lang='lat' dir='ltr'><strong>compertum</strong></span> <span class='ocrx_word' id='word_1_285' title='bbox 892 3908 961 3981; x_wconf 85' lang='lat' dir='ltr'><strong>est,</strong></span> <span class='ocrx_word' id='word_1_286' title='bbox 978 3893 1104 3964; x_wconf 83' lang='lat' dir='ltr'><strong>durum</strong></span> <span class='ocrx_word' id='word_1_287' title='bbox 1127 3922 1188 3992; x_wconf 87' lang='lat' dir='ltr'><strong>per</strong></span> 
     </span>
     <span class='ocr_line' id='line_1_34' title="bbox 122 3995 1185 4098; baseline 0.003 -27.775"><span class='ocrx_word' id='word_1_288' title='bbox 122 3995 179 4068; x_wconf 84' lang='lat' dir='ltr'><strong>hoa</strong></span> <span class='ocrx_word' id='word_1_289' title='bbox 205 4027 245 4070; x_wconf 85' lang='lat' dir='ltr'><strong>ex</strong></span> <span class='ocrx_word' id='word_1_290' title='bbox 267 4003 375 4072; x_wconf 88' lang='lat' dir='ltr'><strong>amico</strong></span> <span class='ocrx_word' id='word_1_291' title='bbox 390 4004 672 4073; x_wconf 76' lang='lat' dir='ltr'><strong>&#39;hostem-Caesari</strong></span> <span class='ocrx_word' id='word_1_292' title='bbox 696 3997 1185 4098; x_wconf 62' lang='lat' dir='ltr'><strong>quaesitum,sed2innoxiuu1:</strong></span> 
     </span>
     <span class='ocr_line' id='line_1_35' title="bbox 124 4103 1185 4212; baseline 0.007 -39.387"><span class='ocrx_word' id='word_1_293' title='bbox 124 4103 176 4175; x_wconf 80' lang='lat' dir='ltr'><strong>sibi</strong></span> <span class='ocrx_word' id='word_1_294' title='bbox 193 4123 302 4180; x_wconf 81' lang='lat' dir='ltr'><strong>autem</strong></span> <span class='ocrx_word' id='word_1_295' title='bbox 325 4132 538 4182; x_wconf 83' lang='lat' dir='ltr'><strong>communem</strong></span> <span class='ocrx_word' id='word_1_296' title='bbox 556 4109 625 4182; x_wconf 78' lang='lat' dir='ltr'><strong>fere</strong></span> <span class='ocrx_word' id='word_1_297' title='bbox 643 4109 800 4181; x_wconf 83' lang='lat' dir='ltr'><strong>omuibus</strong></span> <span class='ocrx_word' id='word_1_298' title='bbox 817 4105 1001 4205; x_wconf 78' lang='lat' dir='ltr'><strong>transfugis</strong></span> <span class='ocrx_word' id='word_1_299' title='bbox 1013 4122 1185 4212; x_wconf 76' lang='lat' dir='ltr'><strong>contemp·</strong></span> 
     </span>
    </p>
   </div>
   <div class='ocr_carea' id='block_1_4' title="bbox 0 0 1504 5025">
    <p class='ocr_par' dir='ltr' id='par_1_4' title="bbox 0 0 1504 5025">
     <span class='ocr_line' id='line_1_36' title="bbox 0 0 1504 5025; baseline 0 1"><span class='ocrx_word' id='word_1_300' title='bbox 0 0 1504 5025; x_wconf 95' lang='lat' dir='ltr'><strong> </strong></span> 
     </span>
    </p>
   </div>
  </div>
 </body>
</html>
