3000 5025
312 496 387 549 ooo
492 524 500 537 ·
531 476 561 545 J.
589 472 744 545 CELSI
768 470 1160 544 COMMENTARII

310 634 392 705 opes
409 607 563 677 manibus
574 588 726 687 romanis
739 620 920 694 everteret,
933 606 1175 701 imperiumque
1188 622 1384 698 supremum

308 713 516 809 irreparabili
538 703 631 783 clade
653 728 848 810 protereret.
868 714 922 781 De
937 736 1078 781 numero
1096 712 1268 806 copiarum
1284 708 1388 803 longe

309 821 405 893 aliter
430 836 569 890 narrant
596 836 768 891 auctores:
786 822 821 888 in
849 817 1076 914 magnitudine
1102 816 1241 913 periculi
1267 840 1386 885 omnes

309 942 512 1017 consonant,
530 926 629 1022 plena
654 929 766 997 omnia
787 940 866 995 sunt
892 924 1063 1014 lamentis,
1085 926 1197 1019 etqui
1221 926 1388 991 minorem

308 1060 486 1104 numerum
514 1035 649 1123 dicunt,
671 1033 799 1102 addunt
820 1047 932 1101 tamen
956 1030 1045 1100 unde
1068 1034 1266 1100 immensum
1289 1028 1388 1124 quid-

227 1192 231 1202 ·
308 1142 386 1211 dam
402 1141 507 1211 lector
525 1142 631 1236 possit
648 1154 761 1209 mente
777 1142 965 1234 concipere.
984 1140 1101 1208 Annaei
1123 1136 1257 1231 quidem
1277 1135 1390 1223 Flori,

308 1250 363 1343 qui
386 1249 473 1317 hanc
499 1272 569 1316 rem
601 1246 844 1343 elegantissima
864 1246 1026 1314 brevitate
1053 1246 1264 1340 perstrinxit,
1281 1243 1388 1312 verba

307 1368 387 1425 sunt
402 1354 494 1425 haec:
511 1354 604 1423 nullo
621 1378 773 1448 urtquam
794 1353 871 1421 loco
889 1367 1024 1420 tantum
1045 1357 1168 1421 uirium
1182 1351 1312 1447 populi
1335 1375 1389 1419 ro-

306 1461 557 1557 manifiirtuna
570 1460 657 1531 utilit
669 1487 679 1529 ε
692 1462 781 1533 CCC
790 1460 982 1556 etamplius
995 1459 1103 1528 millia
1114 1454 1318 1527 bellatorum
1332 1457 1389 1526 liic

305 1570 392 1649 illic,
406 1583 541 1667 prceter
568 1568 705 1638 auxilia
732 1590 849 1662 regum
870 1582 908 1633 et
925 1579 1074 1634 senatus.
1104 1563 1220 1633 Idem:
1235 1568 1269 1632 si
1287 1563 1387 1651 belli,

306 1676 435 1769 inquit,
460 1674 564 1743 daces
592 1679 777 1771 inspiciat,
799 1687 891 1741 totus
917 1687 1060 1741 senatus
1081 1675 1117 1739 in
1139 1671 1304 1767 partibus
1324 1696 1336 1737 .·
1359 1676 1392 1740 si

306 1780 591 1865 exercitudine
612 1781 765 1851 undecim
789 1780 960 1873 legiones,
981 1778 1059 1847 inde
1083 1778 1200 1847 decem
1224 1794 1260 1847 et
1282 1792 1386 1866 octa,

293 1886 374 1979 flos
394 1893 504 1957 enanis
523 1902 561 1955 et
582 1887 687 1957 robur
708 1887 819 1955 italici
843 1890 1022 1979 sangmm
1037 1910 1048 1952 .·
1065 1890 1098 1953 si
1117 1886 1253 1953 mariba
1275 1889 1388 1954 socio·

306 1999 398 2081 rum,
416 1994 495 2062 dine
518 1996 647 2063 Gallici
663 1997 894 2086 Germanique
904 1990 1067 2078 Metus,
1083 1991 1162 2060 uide
1175 1991 1386 2083 Dertarur,

307 2099 593 2186 Ariobarzanes,
621 2098 947 2184 Tliarcondimotus,
973 2098 1119 2184 Cellius,
1141 2103 1252 2166 omnir
1277 2098 1388 2168 Ilua·

307 2210 389 2292 eike,
410 2204 663 2302 Cappadociae,
687 2207 833 2290 Cilicia,
849 2204 1088 2291 Macedonue,
1107 2207 1271 2291 Graeciae,
1287 2208 1389 2274 AEto

307 2312 383 2399 li‘ce,
396 2316 575 2410 'totiusque
595 2310 700 2381 robur
723 2314 880 2381 Orientis.
900 2312 997 2379 Acies
1015 2336 1138 2406 magno
1159 2312 1317 2406 utrinque
1331 2337 1388 2381 or·

306 2418 384 2486 'dine
417 2432 595 2505 steterant;
616 2418 718 2487 duces
749 2420 862 2486 nescio
894 2441 938 2485 an
969 2420 1119 2486 omnium
1151 2420 1297 2511 supremi
1329 2421 1388 2514 qui

307 2550 455 2619 unquam
469 2549 563 2594 arma
582 2528 817 2614 tractaverint,
839 2550 901 2594 nec
923 2527 1051 2620 excipio
1069 2525 1263 2594 Africanum
1283 2540 1387 2620 atque

304 2631 524 2700 Annibalem:
541 2655 620 2699 nam
642 2633 715 2724 quis
736 2632 859 2701 horum
879 2633 1053 2726 utriusque
1075 2655 1134 2701 seu
1155 2632 1328 2721 victorias,
1342 2657 1387 2702 ne

306 2736 414 2810 dicam
424 2737 521 2824 bella,
534 2731 732 2826 dinumeret,
744 2763 802 2808 seu
815 2763 927 2808 rerum
936 2736 1200 2833 magnitudinem
1209 2738 1386 2808 metiatur?

306 2846 427 2915 mirum
456 2859 568 2916 tamen
596 2847 705 2933 dictu,
720 2846 878 2940 quoniam
903 2846 1053 2940 Pompeii
1074 2843 1174 2913 ardor
1198 2860 1298 2939 atque
1321 2847 1384 2914 im-

304 2966 422 3044 petus,
437 2952 490 3020 vel
509 2967 604 3024 aetate
625 2952 679 3022 vel
699 2954 864 3048 praesagio
883 2952 1029 3046 quodam
1050 2975 1091 3021 ac
1111 2949 1254 3020 fortunae
1276 2953 1384 3052 vapic-

305 3069 372 3126 tate
400 3058 650 3154 languesceret:
670 3073 726 3147 ut,
744 3061 801 3154 qui
821 3084 898 3128 eum
921 3074 1089 3144 cerneret,
1111 3058 1242 3153 quidvis
1270 3061 1387 3153 potius

305 3185 406 3256 quam
421 3167 617 3260 Pompeium
637 3167 804 3255 crederet3
819 3191 886 3260 quo
903 3163 1088 3234 'mirabilior
1102 3165 1184 3232 mihi
1201 3179 1251 3233 est
1266 3163 1322 3234 ille
1338 3176 1386 3235 to-

304 3271 365 3340 ties
397 3273 507 3366 petitae
529 3274 620 3367 pacis
646 3287 875 3368 contemptus,
898 3287 997 3365 atque
1025 3271 1081 3341 illa
1107 3296 1182 3366 spes
1210 3273 1383 3342 victorie:

304 3375 362 3446 sed
382 3379 503 3472 etipse
525 3393 637 3450 tamen
662 3405 756 3468 suos,
778 3380 899 3473 purtim
924 3377 1120 3472 magnifica,
1138 3379 1260 3472 partim
1282 3380 1382 3448 mise·

304 3483 400 3552 rabili
421 3487 571 3558 oratione
598 3486 793 3558 cohortatus
811 3499 877 3570 est,
897 3482 1134 3578 descenditque
1154 3486 1189 3552 in
1211 3483 1382 3579 praelium,

304 3591 421 3659 mundi
442 3607 571 3686 partem
590 3595 769 3660 maximam
785 3617 899 3661 secum
920 3592 1065 3662 trahens.
1090 3592 1166 3660 Fuit
1187 3605 1300 3675 autem
1315 3594 1382 3662 ino·

300 3697 400 3791 pinus
430 3723 468 3766 ac
498 3696 654 3770 mirabilis
683 3723 805 3798 pugnae
832 3697 930 3771 finis:
950 3723 1029 3768 nam
1057 3723 1161 3793 quum
1187 3696 1380 3794 aliquandiu

300 3805 401 3897 ecquis
427 3805 554 3874 viribus
575 3804 653 3873 hinc
676 3795 753 3873 inde
780 3806 1011 3894 dimicaretur,
1031 3807 1209 3901 Pompeius
1229 3803 1378 3875 multitu·

301 3908 370 3980 dini
393 3911 493 4001 fisus,
508 3925 547 3979 ut
571 3911 698 3981 dictum
716 3927 784 4001 est,
802 3912 844 3981 ad
865 3912 1193 3982 circumveniendum
1212 3914 1378 3982 Caesarem

300 4018 484 4111 equitatum
506 4017 714 4103 effunderet,
736 4018 778 4088 ab
797 4035 942 4115 utroque
958 4044 1066 4090 cornu
1079 4022 1194 4090 Caesar
1206 4020 1274 4088 suis
1288 4020 1376 4114 equi·

299 4123 389 4194 tibus
411 4149 494 4221 quos
520 4126 664 4206 intentos
685 4127 719 4196 in
742 4127 831 4196 hanc
854 4151 926 4196 rem
949 4127 1093 4214 lecerat,
1113 4125 1224 4196 subito
1245 4127 1375 4218 signum
