3000 5025
204 499 517 573 INTERPRES
545 498 788 568 GRAECUS.
818 502 919 570 LIB.
946 442 1060 572 VII..
1097 501 1171 601 509

18 690 24 704 .
103 685 107 694 ·
148 636 330 704 XXXVII.
349 632 425 726 Περὶ
449 624 484 699 δὲ
508 633 561 700 τὸν
584 632 690 724 χρόνον
713 644 825 701 τοῦτον
844 641 860 702 ὁ
876 621 1009 714 Εδουεὺς
1029 633 1171 730 Κομύικ-

98 741 284 824 τολιτάνης,
303 741 371 833 περὶ
391 738 425 806 ού
450 729 511 813 ἤδη
535 738 657 832 έρῥέθη,
678 745 717 817 ὡς
736 738 837 834 ἀρχων
861 752 916 819 τῆς
936 747 1032 810 αὑτοῦ
1054 744 1171 823 πόλεως

98 851 154 916 ὑπὸ
178 858 235 916 τοῦ
255 846 412 939 Καίσαρος
437 837 603 937 ἀπεδείχθη
616 899 626 931 ,
639 844 728 924 οὗτος
748 848 802 939 μὲν
824 844 875 914 οὖν
896 848 955 914 ὑπὸ
974 856 1036 914 τῶν
1057 838 1174 943 Ᾰρύέρ-

98 981 153 1022 νων
171 945 411 1047 δωροδοκηθεὶς,
433 951 597 1030 νεανίσκοις
617 951 711 1033 τισὶν,
739 953 779 1020 ὧν
799 957 835 1036 ό,
858 980 893 1020 τε
916 949 1101 1039 Λιτάύικος,
1120 958 1172 1024 καὶ

96 1062 122 1130 οἱ
146 1060 260 1132 ἐκείνου
290 1051 434 1151 ἀδελφοὶ,
453 1060 647 1154 εύγενέςατοι
675 1051 799 1152 ἀνδρες,
813 1057 925 1153 ἦρχον,
940 1051 1093 1153 διελέχθη.
1108 1066 1172 1130 Καὶ

97 1166 218 1246 ἐκείνοις
232 1170 372 1260 πρώτοις.
388 1169 444 1240 τὴν
459 1170 570 1233 ἑαυτοῦ
587 1168 709 1259 γνώμην
731 1167 1030 1257 ἀνακοινωσάμενος,
1044 1173 1171 1263 παρῄνει

97 1275 224 1357 αὐτοὺς,
239 1279 318 1365 σιροῖς
339 1272 508 1366 ἐλευθέρους
534 1297 588 1354 τε,
604 1272 655 1338 καὶ
679 1273 755 1364 πρὸς
773 1273 812 1340 τὸ
830 1273 908 1340 ποτὲ
927 1266 1094 1341 ἀασιλεύειν
1115 1302 1173 1344 πε-

96 1365 238 1474 ρυκίναι,
249 1379 440 1472 μεμνῆσθαι,
452 1380 546 1469 μόνην
561 1373 636 1444 εἶναι
651 1380 707 1454 τὴν
723 1386 784 1446 τῶν
799 1365 939 1446 Εδουέων
955 1382 1044 1448 πολιν
1057 1384 1171 1476 λέγων,

96 1490 151 1562 τὴν
172 1487 273 1564 πάσης
292 1496 348 1564 τῆς
368 1485 524 1562 Γαλατίας
552 1483 730 1575 σαρεςάτην
753 1484 838 1559 νίκην
860 1487 1110 1569 ἀποκωλύουσαν·
1131 1500 1171 1582 τῇ

96 1594 149 1686 μὲν
173 1589 234 1688 γὰρ
254 1591 366 1671 ἐκείνης
387 1592 480 1684 μόνης
500 1584 628 1683 δυνάμει
646 1587 742 1668 ἀλλας
762 1590 878 1670 πολλὰς
907 1595 1100 1685 κατέχεσθαι.
1125 1577 1171 1663 Ᾰν

96 1692 131 1768 δὲ
151 1702 248 1783 αύτη,
264 1701 339 1790 ἔφη,
357 1692 442 1776 άπαξ
462 1700 538 1792 πρὸς
559 1699 613 1764 τὸν
627 1699 891 1793 Βερκιγγετόρυγα
908 1699 1031 1794 ἀποςῇ,
1050 1705 1105 1769 ούκ
1124 1704 1171 1769 ἔτι

95 1833 149 1874 ποι
168 1807 197 1874 οἱ
216 1792 354 1897 Ρωμαῖοι
373 1808 403 1872 έν
422 1816 462 1900 τῇ
484 1802 625 1894 Γαλατίᾳ
650 1795 834 1879 δυνήσονται
855 1807 1083 1900 ῖγκαταμένειν.
1098 1795 1172 1904 Εγὼ

47 1982 50 1986 ,
97 1906 150 1998 δὲ,
165 1915 239 2006 έρη,
254 1914 302 1990 ἕςι
326 1914 404 1979 πιέν
426 1908 467 1998 ᾧ,
486 1902 630 2000 (δικαίαν
655 1916 709 2000 μέν
730 1937 763 1976 τι
785 1910 887 1979 αἰτίαν
912 1910 1008 2004 ἔχων)
1031 1917 1091 1982 ὑπὸ
1114 1927 1172 1983 τοῦ

96 2017 252 2113 Καίσαρος
279 2017 492 2112 ηύεργετιίθην·
518 2019 587 2086 ἀλλ’
613 2021 695 2109 ὅμως
726 2016 796 2111 περὶ
818 2017 956 2096 πλείονος
985 2023 1042 2095 τὴν
1070 2026 1171 2097 κοινὴν

96 2125 263 2218 ελευθερίαν
278 2136 335 2192 τοῦ
349 2123 552 2217 ἐμοῦσίκείου
567 2115 667 2215 δεῖρε
686 2123 845 2191 ποιεῖσθαν
862 2122 896 2192 τί
910 2116 1028 2200 δύποτε
1045 2129 1098 2220 μὲν
1113 2127 1171 2225 γὰρ

97 2239 214 2326 μᾶλλον
232 2229 318 2325 παρὰ
332 2238 378 2319 τῷ
395 2229 530 2326 Καίσαρι
544 2230 572 2298 οἱ
584 2215 728 2314 Εδουεῖς,
743 2230 762 2305 ἢ
777 2228 863 2323 παρά
881 2239 946 2310 τοῖς
964 2218 1173 2304 Εδουεῦσινοὶ

96 2325 234 2432 Ῥωμαῖοι
253 2331 450 2406 ἀποδικοῢσιν
462 2322 515 2426 ;0
533 2338 587 2430 μὲν
607 2333 658 2404 οὖν
677 2347 810 2405 τοιαῦτα
827 2334 918 2405 εἶπεν·
934 2337 1020 2408 οὗτοι
1038 2334 1074 2408 δὲ
1091 2333 1129 2416 δὴ
1144 2345 1172 2409 οἱ

96 2446 261 2531 νεανίσκοι,
276 2455 316 2539 τῇ
331 2470 365 2513 τε
379 2453 435 2514 τοῦ
450 2441 598 2539 ἀρχοντος
613 2433 807 2539 δημηγορίᾳ,
821 2443 873 2511 καὶ
885 2446 1054 2538 χρημάτων
1070 2442 1173 2517 ἐλπίδι

39 2577 43 2585 ·
98 2554 181 2633 εὐθὺς
210 2553 458 2636 ἀναπεισθέντες,
479 2545 578 2645 ἀρξειν
603 2575 637 2615 τε
663 2555 741 2641 σφοῖς
772 2562 828 2618 τοῦ
849 2552 1033 2646 πράγματος
1057 2559 1171 2623 τούτου

97 2660 299 2754 ύφιςάριενοι,
318 2666 383 2737 πῶς
409 2658 462 2751 μὲν
490 2667 585 2725 τοῦτο
613 2646 758 2735 δύναιντο
789 2657 994 2743 ἀποτελέσαι,
1011 2661 1171 2730 ἐσκόπουν.

98 2772 162 2843 Τὴν
193 2758 228 2833 δὲ
258 2767 346 2835 πολιν
372 2766 449 2857 πρὸς
477 2765 529 2831 τὸν
554 2762 688 2854 πόλεμον
708 2760 891 2855 προτρέψειν
914 2770 949 2831 ού
971 2766 1173 2859 θαρροῦντες,

98 2878 216 2953 ταύτης
244 2882 302 2951 τῆς
327 2871 439 2966 μυρίων
464 2876 646 2965 ςρατιωτῶν
671 2870 747 2961 πρὸς
767 2871 823 2942 τὸν
846 2878 902 2936 τοῦ
920 2870 1076 2965 Καίσαρος
1096 2869 1172 2950 ύοή.

98 2982 178 3049 θείαν
199 2980 397 3072 πεμπομένης
421 2968 578 3069 δυνάμεως
598 2967 701 3052 ἔδοξεν
723 2978 827 3054 αὐτοῖς
841 2978 896 3043 τὸν
910 2974 1080 3047 Λιτάύικον
1099 3008 1174 3075 ςρα-

98 3090 194 3183 τηγὸν
222 3075 404 3168 ἀποδεῖξαι,
428 3084 480 3151 καὶ
505 3086 614 3151 ἐκεῖνον
634 3083 705 3159 τοὺς
732 3086 829 3149 αὑτοῦ
852 3074 1004 3175 ἀδελφοὺς
1021 3090 1097 3181 πρὸς
1118 3091 1172 3156 τὸν

99 3191 244 3287 Καίσαρα
262 3188 512 3285 προπέμψασθαι·
535 3187 577 3258 τὰ
592 3180 627 3255 δὲ
641 3186 755 3272 λοιπὰ,
771 3188 850 3276 ποίῳ
864 3189 1080 3261 ἀποτελέσειαν
1100 3198 1174 3288 τρό-

100 3328 172 3388 πῳ,
187 3295 421 3367 ἐύουλεύσαντο.

154 3407 355 3477 XXXVIII.
375 3390 404 3469 0
420 3405 473 3497 μὲν
489 3399 539 3471 οὖν
554 3396 724 3479 Λιτάύικος
739 3411 835 3469 τοῦτο
848 3404 887 3470 τὸ
899 3404 1062 3498 ςράπευμα
1079 3434 1175 3501 παρα.

96 3509 220 3597 λαύὼν,
241 3504 346 3585 ἐπειδὴ
366 3504 465 3589 ςοίδια
485 3516 525 3589 ὡς
547 3508 784 3602 τετταράκοντα
806 3509 858 3577 καὶ
876 3502 1020 3579 διακόσια
1040 3524 1097 3593 τῆς
1120 3516 1176 3583 πό·

79 3678 81 3683 ,
96 3631 173 3701 λεως
193 3604 360 3715 Γεργούίας
374 3618 513 3709 ἀπεῖχεν,
528 3617 716 3711 συγκαλέσας
735 3608 876 3706 ἐξαίφνης
890 3620 962 3696 τοὺς
980 3621 1174 3712 ςρατιύτας,

103 3732 161 3811 σὺνΙ
175 3733 302 3803 πολλοῖς
320 3717 481 3819 δακρύοις,
493 3712 582 3789 Ᾰλλά
597 3721 676 3817 γὰρ,
691 3717 715 3785 ὦ
729 3713 854 3815 ἀνδρες,
873 3725 947 3815 ἔφη,
965 3734 1024 3792 ποῖ
1039 3719 1173 3795 σπεύδο-

101 3861 174 3929 μεν,
189 3838 251 3903 πᾶν
273 3832 326 3924 μὲν
345 3833 383 3899 τὸ
396 3833 544 3925 ἡμέτερον
561 3829 703 3911 ἱππικὸν,
721 3827 835 3907 πάντες
854 3821 885 3895 δ’
899 3831 927 3897 οἱ
945 3842 1005 3910 τῆς
1023 3836 1174 3927 ἡμετέρας

100 3943 220 4018 πολεως
249 3943 374 4033 εύγενεῖς
400 3937 627 4010 κατεκόπησαν·
651 3932 702 4001 καὶ
727 3944 778 4000 νῦν
803 3928 854 4001 τῖύ
875 3928 931 4005 δύο
963 3935 1093 4032 άρχοντε
1117 3953 1173 4020 τῆς

101 4048 220 4125 πόλεως
235 4044 401 4130 τεθνάτην,
416 4048 435 4112 ό
444 4097 454 4131 ,
468 4069 503 4111 τε
516 4028 728 4135 Επορέδορυξ,
742 4039 794 4107 καὶ
812 4046 828 4107 ὁ
850 4036 1061 4139 Βιριδόριαρος·
1077 4046 1128 4127 ούς
1148 4050 1177 4116 οἱ

102 4140 240 4249 Ρωμαῖοι
267 4143 435 4246 προδοσίαν
461 4152 750 4244 κατηγορήσαντες,
772 4147 944 4217 ἀπώλεσαν.
960 4153 1035 4245 Περὶ
1060 4157 1175 4226 τούτου
