3000 5025
312 492 388 591 278
690 488 1007 560 PLUTARCHI

310 629 385 721 πρὸς
400 623 443 711 Ιτέι
457 631 548 717 φῶτα
564 623 616 691 καὶ
632 624 685 691 τὸν
703 624 812 715 ύχλον,
827 614 927 715 άνδρα
945 620 1160 731 ρτερωρακέναι
1182 619 1297 703 βοῶσα.
1316 620 1385 686 Τῶν

311 724 346 799 δὲ
361 739 509 828 γυναικῶν
531 721 825 814 διαπτοηθεισῶν,ν“ι
848 726 988 821 Αὐρηλία
1004 722 1047 792 τὰ
1060 725 1114 818 μέν
1134 727 1222 822 ὄργια
1235 735 1294 802 τῆς
1319 724 1386 793 θεοῖ

310 841 486 908 κατέπαυσε
507 836 559 905 καὶ
576 834 799 927 συνεκάλυψεν,
811 838 890 909 αὐτὴ
907 826 941 901 δὲ
958 830 1015 911 τὰς
1034 833 1124 925 θύρας
1144 833 1325 902 ἀποκλεῖσαι
1337 858 1386 899 κε-

308 948 460 1029 λεύσασα,
479 946 594 1039 περιγίει
614 946 670 1018 τὴν
685 942 782 1011 οἰκίαν
803 942 863 1011 ὑπὸ
871 932 1069 1033 λαμπάδων,
1081 934 1223 1019 ζητοῦσα
1230 941 1285 1007 τὸν
1302 940 1387 1005 Κλώ

310 1043 387 1120 διον.
406 1046 589 1145 Εὑρίσκεται
604 1041 634 1116 δ’
649 1050 690 1129 είς
704 1051 820 1141 οἴκημα
834 1040 1001 1126 παιδίσκης
1011 1043 1055 1139 ,ἦ
1076 1045 1268 1129 συνεισῆλθε,
1289 1070 1387 1113 κατα·

310 1161 478 1254 πεφευγώς·
496 1158 547 1225 καὶ
561 1158 719 1252 γενόμενος
734 1156 860 1248 φανερὸς
877 1155 938 1222 ὑπὸ
955 1161 1018 1220 τῶν
1033 1162 1181 1247 γυναικῶν
1198 1142 1388 1231 ἐξελαύνεται

309 1256 364 1333 διά
382 1272 443 1332 τῶν
465 1264 572 1358 θυρῶν.
593 1265 638 1331 Τὸ
667 1255 702 1331 δέ
726 1268 857 1357 πράγμα
884 1261 936 1328 καὶ
956 1260 1065 1338 νυκτὸς
1091 1260 1175 1337 εὐθὺς
1197 1258 1228 1325 αἱ
1250 1266 1387 1354 γυναῖκες

309 1371 455 1440 ἀπιοῦσαι
475 1377 540 1448 τοῖς
559 1375 660 1439 αὐτῶν
684 1363 811 1463 ἔφραζον
834 1359 974 1461 ἀνδράσι·
988 1365 1040 1434 καὶ
1062 1366 1130 1460 μεθ’
1142 1367 1256 1459 ἡμέραν
1284 1366 1389 1458 ἐχώρει

309 1468 365 1543 διὰ
377 1485 434 1554 τῆς
452 1477 570 1555 πολεως
585 1479 720 1572 όλόγος,
735 1482 776 1555 ὡς
792 1474 933 1567 ἀθέσμοις
953 1474 1215 1567 ἐπικεχειρηκότος
1233 1481 1292 1541 τοῦ
1305 1475 1389 1539 Κλω-

310 1575 396 1667 δίου,
410 1581 462 1650 καὶ
477 1574 566 1675 δίκην
590 1587 624 1651 οὐ
645 1591 710 1661 τοῖς
728 1578 919 1676 ύύρισμίνοις
940 1581 1048 1673 μόνον,
1068 1578 1221 1647 ἀλλὰκαὶ
1243 1588 1285 1674 τῇ
1304 1579 1389 1647 πόλει

310 1688 436 1767 καὶτοῖς
453 1690 529 1767 θεοῖς
543 1688 729 1780 ὀφείλοντος.
739 1675 912 1784 Εγράψατο
924 1688 978 1779 μὲν
991 1683 1042 1753 οὖν
1055 1687 1108 1755 τὸν
1121 1678 1264 1755 Κλώδιον
1279 1683 1321 1763 είς
1331 1693 1387 1752 τῶν
1459 1703 1462 1711 ’

312 1786 481 1888 δημάρχων
494 1794 502 1818 ¹
519 1789 679 1879 ἀσεύείας,
694 1795 745 1864 καὶ
760 1797 929 1874 συνέςησαν
944 1796 993 1861 ἐπ’
1012 1795 1105 1861 αὐτὸν
1125 1794 1154 1861 οἱ
1174 1784 1391 1864 δυνατώτατοι

311 1909 375 1969 τῶν
391 1902 454 1969 ἀπὸ
468 1911 524 1979 τῆς
540 1905 666 1987 βουλῆς,
676 1898 775 1997 ἄλλας
788 1928 824 1971 τε
833 1893 933 1979 δεινάς
947 1899 1106 1995 ἀσελγείας
1117 1908 1389 1993 καταμαρτυρούν-

311 2034 378 2092 τες,
396 2008 449 2075 καὶ
466 2007 603 2100 μοιχείαν
625 1999 780 2099 ἀδελφῆς,
795 2009 816 2082 ἢ
838 2004 1039 2093 Λευκούλλῳ’
1054 2010 1230 2095 συνῳκήκει.
1249 1998 1336 2100 Πρὸς
1357 1995 1390 2071 δέ

311 2112 369 2192 τὰς
376 2114 495 2182 τούτων
503 2106 775 2206 σπουδάςὸδῆμος
783 2104 1186 2205 ἀντιτάξαςέαιιτδν,ἥμυνε
1194 2104 1390 2201 vomente»,

313 2220 365 2288 καὶ
382 2221 463 2315 μέγα
480 2222 555 2311 πρὸς
568 2222 641 2300 τοὺς
656 2211 789 2299 δικαςάς
803 2221 911 2311 ύρελος
924 2216 960 2295 ἦν
971 2272 981 2305 ,
993 2222 1259 2317 ἐκπεπληγμένους
1270 2219 1326 2289 καὶ
1342 2210 1389 2286 δε-

314 2316 460 2405 δοικότας
473 2328 511 2393 τὸ
530 2311 699 2405 πλῆθος.0
720 2319 756 2395 δέ
772 2330 894 2420 Καῖσαρ
916 2324 1126 2418 ἀπεπέμψατο
1146 2327 1201 2420 μέν
1226 2326 1314 2406 εὐθὺς
1337 2328 1389 2400 τίν

313 2426 482 2524 Πομπηίαν
492 2416 515 2473 ³·
531 2432 648 2526 μάρτυς
669 2423 703 2501 δέ
717 2434 795 2528 πρὸς
815 2436 876 2506 τὴν·
892 2424 981 2507 δίκην
1003 2432 1139 2519 κληθεὶς,
1153 2424 1241 2503 οὐδὲν
1257 2435 1317 2525 ἔφη
1333 2439 1390 2501 τῶν

312 2541 482 2634 λεγομένοιν
504 2538 587 2607 κατὰ
606 2549 663 2608 τοῦ
686 2532 832 2609 Κλωδίου
855 2543 1046 2637 γιγνώσκειν.
1072 2526 1119 2620 ίλς
1144 2533 1201 2624 δέ,
1220 2551 1278 2608 τοῶ
1298 2541 1389 2635 λόγου

314 2635 493 2738 παραδόξου
511 2647 676 2737 φανέντος,
698 2651 715 2714 ὁ
738 2650 911 2742 καπάγορος
932 2650 1082 2739 η’ρώτησε·
1101 2663 1120 2698 ff
1143 2650 1217 2726 Πῶς
1243 2644 1296 2715 οὖν
1318 2647 1389 2714 ἀπε·

313 2748 434 2845 πέμψω
447 2755 504 2827 τὴν
523 2760 668 2847 γυναῖκας
685 2733 767 2838 ὅτι,
781 2748 875 2845 (ἔφη)
891 2755 948 2829 τὴν
965 2755 1040 2845 ἐμὴν
1053 2746 1155 2832 ἠξίουν
1170 2745 1245 2847 μηδ’
1258 2759 1388 2826 ύπονοη·

318 2887 336 2922 ιι
352 2857 440 2933 θῆναι
448 2844 505 2926 ⁴.·›>
516 2863 627 2927 Ταῦτα
641 2861 669 2927 οἱ
683 2859 737 2954 μέν
752 2863 836 2926 οὕτω
849 2867 1020 2952 φρονοῦντα
1031 2855 1085 2927 τὸν
1099 2858 1245 2953 Καίσαρα
1254 2861 1391 2955 λέγουσιν

315 2963 406 3032 εἰπεῖν
419 3013 430 3047 ,
443 2965 471 3033 οἱ
487 2956 523 3031 δέ
537 2974 583 3053 τῷ
603 2957 695 3058 διίμῳ
708 2960 906 3059 χαριζόμενον
921 2967 1092 3060 ὡρμημένῳ
1104 2961 1211 3046 σώζειν
1226 2967 1282 3035 τὸν
1301 2968 1390 3034 Κλώ-

314 3061 391 3136 διον.
410 3057 585 3165 Ᾰποφεύγει
599 3063 620 3137 δ
622 3073 630 3102 ’
645 3069 695 3140 οὖν
710 3073 748 3140 τὸ
762 3074 918 3166 ἔγκλημα,
933 3079 996 3138 τῶν
1010 3072 1145 3150 πλείςων
1164 3065 1304 3151 δικαςῶν
1317 3098 1390 3165 συγ·

315 3176 482 3268 κεχυμένας
499 3184 566 3255 τοῖς
584 3178 745 3272 γράμμασι
761 3177 819 3256 τὰς
832 3181 956 3273 γνώμας
972 3164 1193 3264 ἀποδόντωνς,
1208 3183 1293 3258 ὅπως
1313 3182 1389 3272 μήτε

315 3274 629 3375 παρακινδυνεύσωσιν
644 3287 673 3352 ἐν
693 3291 759 3362 τοῖς
772 3290 897 3363 πολλοῖς
910 3278 1217 3379 καταψηφισάμενοι,
1225 3288 1302 3381 μήτ’
1311 3286 1389 3354 ἀπο·

314 3389 462 3468 λύσαντες
476 3381 651 3468 ἀδοξήσωσι
668 3389 753 3485 παρὰ
766 3397 831 3469 τοῖς
852 3390 980 3484 ἀρίςοις.

368 3497 431 3564 Xr.
452 3471 532 3564 (δδέ
546 3499 686 3592 Καῖσαρ,
707 3497 791 3574 εὐθὺς
813 3496 884 3567 ἀπὸ
899 3508 956 3577 τῆς
969 3497 1141 3593 ςρατηγίας
1159 3506 1222 3568 τῶν
1241 3502 1389 3594 ἐπαρχιῶν

315 3602 372 3678 τὴν
387 3586 529 3694 Ῑόηρίαν6
540 3598 644 3670 tatto
652 3603 676 3686 ⁷,
689 3609 729 3682 ὡς
742 3599 779 3676 ἦν
796 3593 997 3672 δυσδιάθετον
1010 3609 1098 3693 αύτῷ
1110 3607 1149 3674 τὸ
1161 3605 1233 3702 περὶ
1244 3608 1317 3684 τοὺς
1331 3596 1389 3672 δα·

358 3802 384 3838 1.
400 3785 431 3838 P.
446 3786 575 3839 Lentulus
589 3785 724 3857 Spinther.
921 3787 946 3841 5.
962 3789 997 3842 Id
1011 3801 1050 3842 est
1064 3801 1232 3860 persarum
1250 3788 1389 3850 sententiat

358 3864 646 3936 2.Legendumforsan
657 3867 834 3939 Μετίλλῳριο
860 3868 963 3944 ἐστιν,
989 3865 1064 3940 quod
1089 3868 1149 3921 fieri
1168 3870 1283 3936 solebat,
1309 3885 1389 3940 quum

314 3945 469 4016 Ἀευκιύλλῳ.
878 3967 932 4000 una
945 3958 1049 4002 tantum
1062 3949 1200 4020 rogatione
1215 3950 1293 4021 plura
1307 3948 1389 4020 capite

359 4026 386 4080 3.
408 4023 478 4078 Suet.
495 4025 524 4078 in
539 4024 604 4078 Ceos.
623 4029 649 4080 6.
879 4030 1089 4082 continerentur.
1102 4027 1170 4083 Inde
1182 4029 1274 4083 Satura
1286 4030 1337 4082 lex.

358 4112 386 4170 4.
395 4103 438 4157 Id.
448 4103 513 4158 ibid.
524 4113 570 4176 74.
584 4132 595 4153 ι
607 4106 682 4160 Meos
689 4107 835 4180 timeuspi·
922 4111 949 4163 6.
957 4109 1077 4162 Ulterior
1087 4109 1169 4163 scilic.
1182 4122 1209 4163 et
1220 4109 1293 4163 Suet.
1304 4128 1331 4180 7.

313 4184 395 4241 tione
401 4185 692 4258 quamcriminecorere
698 4199 829 4259 oportet.»
919 4207 946 4258 7.
964 4191 1053 4257 Δαχὼν
1070 4191 1167 4261 Bryon.
1182 4192 1335 4262 conjecerat.
