3000 5025
288 442 332 535 μθ
498 440 528 511 J.
559 437 714 509 cunm
742 400 1136 506 COMMENTARII

282 572 425 649 Helvetii
438 596 457 643 a
472 585 567 666 tergo
586 584 702 641 erant:
722 568 765 639 ad
780 567 897 639 laevam
916 570 1089 665 provincia
1107 571 1359 667 Lugdunensis,

281 680 324 751 ad
339 678 508 754 Helvetios
520 676 575 749 illa
587 676 724 771 quidem
736 678 906 772 pertinens
920 701 927 743 :
942 678 1088 771 itemque
1100 677 1300 749 Arelatensis
1316 706 1359 751 ac

280 785 531 873 Narbonensisa
550 798 627 857 ante
647 799 761 880 autem
784 781 998 853 occidentalis
1017 786 1194 874 Oceanus,
1217 786 1358 856 {lumen-

281 918 346 989 que
370 896 562 979 Garumna,
580 890 674 985 eujus
700 890 871 961 dexteram
894 890 938 959 ad
956 892 1062 986 ripam
1087 892 1265 986 Aquitania
1288 910 1358 983 est,

281 1026 362 1097 gens
380 1002 469 1073 mitis
494 1013 528 1069 et
551 996 729 1092 tranquilla
756 998 963 1084 Bitruieum3
981 1000 1148 1086 Pictavia3
1169 1001 1358 1095 petrogori-

282 1134 377 1195 cum;
391 1106 554 1193 Cadurci3
568 1106 765 1177 Lemovices
775 1120 809 1175 et
821 1102 978 1173 Alumni:
994 1130 1095 1199 supra
1108 1108 1218 1200 ipsum
1233 1106 1359 1177 flumen

281 1230 335 1284 est·
354 1210 500 1287 Tholosa
524 1210 634 1308 ampla
657 1212 794 1283 ciuitas:
813 1226 908 1280 extra
931 1236 1013 1281 vero
1036 1212 1162 1281 flumen
1176 1216 1359 1306 Vasconis,

283 1347 363 1416 gens
382 1322 573 1395 immisisse
592 1319 723 1407 subita,
749 1317 935 1388 Galliarum
959 1317 1078 1388 limites
1102 1318 1146 1387 ad
1168 1333 1359 1410 extremos,
1460 1365 1463 1374 ι

192 1488 195 1514 ,
281 1431 433 1523 Pyrenen
457 1425 582 1499 scilicet
608 1440 642 1497 et
665 1428 794 1495 Oceani
823 1424 936 1495 littora
958 1440 1101 1495 extenta.
1126 1428 1358 1520 Sequanorum

280 1560 380 1623 vero,
394 1549 433 1609 ut
451 1535 497 1603 sic
515 1533 672 1620 dixerim,
689 1534 723 1602 in
742 1536 869 1629 gremio
887 1534 1002 1601 Parisii
1019 1533 1128 1620 fuere,
1146 1549 1181 1603 et
1198 1536 1359 1628 Sequana

239 1632 243 1654 l
279 1645 389 1715 amnis.
406 1643 441 1712 in
459 1640 569 1713 medio
582 1664 688 1737 parva
700 1640 808 1709 insula
820 1665 895 1735 quae
912 1642 1114 1711 Parisiorum
1126 1642 1258 1731 Lutetia
1270 1640 1360 1712 dicta

282 1764 353 1838 est3
372 1748 429 1819 ubi
448 1748 490 1818 ab
509 1750 582 1843 ipso
600 1746 687 1817 Julio
707 1750 838 1817 Caesare
862 1763 944 1817 tunc
967 1747 1107 1817 fundata
1124 1748 1289 1835 creditur,
1310 1750 1357 1819 ci·

281 1860 366 1932 uitas
384 1880 475 1935 nuuc
494 1854 621 1927 famosa
638 1856 801 1925 Parisios:
820 1855 893 1924 baec
910 1854 1082 1924 hactenus.

334 1966 435 2035 Nunc
456 1961 500 2033 ad
517 1961 663 2031 historia
684 1962 803 2029 seriem
826 1975 925 2055 atque
952 1960 1148 2057 Allobroges
1173 1961 1299 2032 redeo:
1322 1962 1360 2033 hi

282 2069 416 2163 quidem
438 2066 631 2139 nonmulto
649 2082 725 2137 ante
748 2070 888 2149 Caesaris
906 2068 1116 2139 consulatum
1130 2070 1259 2164 pacati,
1277 2071 1358 2137 etin

270 2176 383 2265 ,fidem
405 2174 521 2271 populi
543 2177 672 2245 romani
690 2177 816 2270 recepti
836 2190 940 2248 erant.
963 2179 1016 2245 Ex
1037 2175 1142 2272 Gallis
1163 2202 1245 2245 vero
1265 2190 1358 2247 traus

282 2282 487 2367 Rhodanum
513 2281 740 2353 habitantibus
760 2282 861 2376 aliqui
878 2282 1031 2354 foederati
1051 2286 1211 2353 Romanis
1231 2297 1328 2352 erant
1348 2309 1360 2371 3

280 2391 417 2485 qiudam
431 2390 500 2461 sine
518 2388 642 2477 foedera
658 2391 724 2458 sius
739 2390 799 2483 sibi
811 2387 938 2485 legibus
949 2390 1117 2460 vivebant.
1129 2390 1359 2461 Helvetiorum

281 2523 363 2592 gens
385 2498 505 2568 virium
520 2496 642 2582 fiducia
662 2498 906 2586 maximarum,
928 2496 1092 2592 simulque
1117 2497 1281 2568 desiderio
1303 2523 1359 2566 ex·

281 2620 425 2678 aestuans
448 2603 631 2681 Galliarum
650 2605 803 2688 omnium
816 2606 957 2698 imperio
973 2605 1141 2699 potiendi,
1159 2607 1360 2700 Orgetorige

275 2715 428 2808 ¹primum
450 2710 551 2799 duee,
572 2735 650 2782 mox
669 2711 728 2779 uhi
744 2709 799 2780 ille
812 2710 978 2781 affectatas
989 2711 1172 2806 tyrannidis
1186 2700 1361 2806 suspectus

281 2821 317 2894 iu
339 2843 473 2890 carcere
491 2817 699 2905 diemohiit,
722 2833 834 2911 coepto
848 2817 1063 2889 nihilominus
1081 2819 1283 2906 insistentes,
1297 2838 1360 2914 per

283 2950 316 2994 se
338 2928 443 3020 ipsos,
465 2922 558 3008 nullo
580 2923 682 3012 duce,
707 2926 807 2993 armis
828 2925 988 3018 expeditis
1000 2925 1236 3021 frumentoque
1253 2949 1358 3020 quan·

283 3045 356 3104 tum
378 3031 487 3102 uisum
509 3043 559 3101 est
582 3031 690 3100 itineri
714 3032 794 3100 satis
822 3055 912 3118 esse3
938 3031 1100 3127 quidquid
1129 3032 1246 3126 reliqui
1272 3045 1360 3120 erat,

282 3131 494 3228 luntalillos
511 3161 581 3228 uon
604 3135 760 3224 audacia,
781 3136 840 3207 sed
862 3137 975 3206 rabies
998 3131 1181 3225 invaserat)
1195 3164 1263 3208 una
1281 3164 1360 3211 eum

283 3244 431 3318 edificiis
444 3245 526 3331 suis,
536 3244 684 3338 uicisque
697 3258 730 3314 et
744 3243 874 3338 oppidis
885 3260 1102 3334 exusserunt,
1113 3260 1152 3315 ut
1162 3270 1221 3340 spe
1235 3244 1361 3318 reditus

282 3365 449 3446 praerepta
470 3351 702 3422 obstinatiores
724 3353 759 3420 in
773 3375 908 3435 omnem
920 3367 1099 3447 pergerent
1112 3351 1299 3438 fortunam:
1310 3351 1358 3424 id·

280 3483 347 3552 ‘que
363 3460 473 3552 ipsum
491 3456 601 3528 facere
613 3457 778 3545 finitimis,
790 3458 910 3551 quibus
925 3462 1122 3552 potuerunt,
1138 3456 1270 3551 populis
1284 3481 1360 3551 per·

283 3579 481 3636 suaserunt:
501 3567 547 3635 sic
564 3566 599 3634 in
616 3567 786 3659 proximos
804 3562 902 3647 facile
916 3567 1018 3659 serpit
1035 3566 1199 3637 amentia:
1218 3565 1266 3632 sie
1279 3563 1361 3633 stul·

284 3686 396 3740 torum
420 3686 498 3742 sunt
517 3670 702 3767 periculosa
719 3669 893 3762 colloquia.
908 3669 1037 3745 tunsus
1050 3694 1132 3763 orgo
1143 3671 1268 3764 copiis,
1279 3696 1360 3741 con·
1387 3737 1390 3744 i

283 3780 464 3876 spiratione
489 3779 649 3848 acerrima
672 3791 772 3870 atque
790 3775 922 3844 ardenti
942 3776 1112 3848 irradituri
1130 3780 1256 3872 patrios
1276 3777 1361 3848 fines

284 3884 398 3980 egredi
412 3899 548 3979 parant,
562 3884 656 3978 quasi
670 3881 751 3950 nihil
765 3883 860 3976 pejus
868 3885 980 3978 patria
993 3911 1003 3972 3
1021 3883 1103 3954 nibil
1119 3885 1237 3955 melius
1253 3885 1360 3954 exilio.

282 3994 371 4064 Sane
390 3992 585 4086 digressuris
613 3991 676 4058 iter
698 4003 771 4059 erat
797 3989 938 4086 duplex3
959 3990 1101 4062 alterurn
1122 3993 1185 4081 sub
1211 4006 1362 4062 montem

284 4101 401 4170 Juram
424 4101 459 4167 in
479 4100 668 4191 Sequanos,
685 4113 816 4168 arctum
838 4099 974 4194 quidem
994 4125 1036 4170 ac
1055 4100 1209 4185 difficile,
1230 4113 1264 4169 et
1280 4098 1362 4168 binc
