3000 5025
307 441 371 511 DE
398 440 522 513 VITA
548 442 695 511 JULII
722 430 959 515 CAESARIS.
1105 442 1178 545 257

117 566 182 645 dem
208 548 388 666 conjuratis
417 573 524 661 fuere,
538 573 699 663 consilia,
723 575 867 671 qualiter
892 592 992 672 atque
1018 578 1077 648 ubi
1103 601 1181 649 eum

115 676 301 771 perderent:
325 680 461 753 tandem
489 684 524 751 in
553 696 679 752 senatu.
704 685 777 753 Nec
804 685 868 777 ipsi
883 684 1028 778 quidem
1057 688 1182 757 Caesari

115 787 323 881 mors-ignota
340 812 412 859 esse
431 788 611 876 debuerat,
626 789 689 859 nisi
706 790 797 883 quod
816 791 973 884 perituris
990 792 1107 863 oculos
1120 794 1182 863 ob·

114 892 362 966 struitfortuna
383 896 513 965 Omitto
535 893 685 967 tabulam
703 920 830 966 teneam
852 898 939 966 forte
961 900 1072 993 Capys
1084 901 1181 997 regis

113 1018 129 1063 e
150 998 302 1094 sepulcro
330 1016 483 1097 erutam,
509 1004 544 1072 in
562 1027 627 1098 qua
649 1026 757 1099 graece
779 1004 902 1098 scripta
919 1019 991 1072 erat
1013 1006 1085 1074 haec
1107 1031 1182 1076 sen·

26 1096 28 1165 l
113 1108 227 1177 tentia:
245 1108 541 1205 Quandocumque
561 1134 645 1180 ossa
658 1113 783 1206 Capys
794 1110 933 1181 detecta
953 1114 1183 1202 cssent,st›re

26 1274 28 1301 ζ
111 1227 155 1298 ut,
171 1216 251 1289 ulo
260 1232 462 1311 prognatus
480 1240 588 1287 manu
604 1241 741 1287 sitorum
760 1234 958 1307 necarem,
979 1226 1183 1314 magnusque

111 1342 183 1390 uzon
203 1324 326 1391 Italae
342 1322 501 1393 cladibus
524 1324 767 1395 amducaremr.
793 1327 906 1395 Potest
927 1327 1016 1393 enim
1037 1350 1109 1395 esse
1130 1352 1183 1395 res

112 1423 276 1516 fabulosa,
298 1432 452 1523 quamvis
473 1454 548 1501 eam
569 1433 750 1501 Suetonius
772 1428 985 1525 Tranquillus
1011 1431 1183 1521 affirmet3

26 1532 28 1549 '
112 1546 139 1600 et
153 1534 349 1606 Cornelium
373 1534 515 1609 Balbum
538 1538 680 1607 casaris
702 1537 993 1609 familiarissimum
1018 1538 1184 1632 producat

111 1654 284 1712 auctorent
313 1644 445 1711 Omitto
469 1668 587 1738 greges
608 1668 773 1738 equorum
795 1646 830 1712 in
852 1643 1048 1737 trajiciendo
1074 1647 1181 1715 Rubi·

26 1766 28 1847 g
112 1769 185 1816 cone
200 1764 437 1835 consecratos,
460 1764 494 1821 et
512 1752 628 1844 vagari
648 1752 719 1819 sine
736 1750 879 1848 custode
897 1752 1075 1846 permissos
1092 1754 1185 1822 circa

26 1852 27 1935 J
111 1852 333 1943 diemcaedis,
351 1871 385 1929 et
403 1855 527 1952 pabulo
542 1857 766 1945 abstinemus,
780 1872 814 1925 et
836 1856 992 1951 lacrymis
1009 1874 1183 1931 manantes

26 1942 28 2017 l
111 1960 272 2031 uberibus.
297 1964 428 2033 Omitto
451 1962 604 2057 plurimis
628 1964 744 2035 hostiis
765 1989 834 2033 non
856 1962 1013 2049 litatum,
1040 1980 1076 2033 ct
1096 1968 1184 2060 Spu·

26 2060 27 2069 ’
110 2069 183 2137 rinae
201 2070 363 2164 aruspicis
386 2072 532 2139 monitus
549 2070 688 2165 periculi
704 2072 924 2160 imminentis,
936 2085 970 2139 et
983 2071 1183 2166 regaliolum

110 2196 198 2245 avem
214 2178 249 2244 in
265 2178 471 2272 Pompeiana
485 2178 578 2247 curia
593 2177 761 2248 adiversis
775 2177 964 2247 vulturibus
976 2178 1181 2273 decerptam.

110 2282 233 2352 Omitto
254 2308 353 2355 suum
372 2298 406 2353 et
422 2285 536 2355 uxoris
556 2309 622 2355 suae
636 2286 824 2370 somnium,
840 2299 874 2353 et
888 2310 962 2379 quae
977 2299 1066 2384 sunt·
1074 2285 1109 2353 id
1123 2312 1183 2383 ge-

94 2412 167 2478 nus
184 2391 299 2459 onmia
311 2446 321 2479 ,
333 2416 441 2486 qnaea
458 2392 531 2461 viro
552 2405 622 2460 tam
640 2390 761 2480 docto,
775 2406 845 2459 tam
865 2393 1096 2485 magnanimo,
1106 2394 1184 2487 jure

101 2498 249 2592 optimo,
268 2500 331 2569 nisi
353 2496 470 2588 fallor,
493 2500 605 2594 sperni
626 2497 978 2593 poterantasedttmc
999 2498 1183 2593 vulgoob·

26 2685 28 2696 Ι
110 2607 229 2675 servari
251 2604 349 2695 talia,
371 2608 475 2676 immo
496 2619 530 2674 et
554 2607 753 2700 precaveri,
775 2629 850 2674 mos
873 2619 954 2675 erat
982 2603 1184 2676 Illud-certe

26 2697 28 2722 ⁸
109 2713 347 2806 sapientissimo
376 2713 453 2782 duci
469 2712 597 2783 ‚oculos
628 2713 795 2806 aperuisse
820 2710 1007 2799 debuerat,
1028 2711 1120 2805 quod
1136 2728 1184 2781 ‚et

109 2816 191 2888 fama
212 2818 312 2889 caedis
331 2820 366 2888 in
384 2818 506 2914 vulgus
527 2819 634 2888 effusa
649 2831 745 2906 erat3
763 2832 828 2902 ut,
850 2817 942 2912 quod
960 2816 1057 2887 multi
1074 2843 1183 2887 nove·

109 2940 195 3011 rant,
219 2924 276 2996 ille
296 2952 415 3010 unus,
445 2927 540 3020 cujus
561 2926 617 2994 ies
644 2925 829 3019 agebattu,
852 2925 912 2993 uix
936 2926 1093 3020 ignorare
1119 2952 1182 3019 po·

102 3034 224 3121 tuerit3
237 3046 273 3102 et
286 3033 329 3102 ad
343 3032 456 3104 locum
472 3051 539 3102 suae
551 3034 679 3102 mortis
695 3033 795 3100 eunti
806 3031 942 3126 quidam
960 3031 1100 3121 obvius,
1124 3032 1185 3102 sed

109 3139 238 3232 ignotus
252 3141 453 3235 scripturam
465 3138 621 3223 obtulit,
641 3139 938 3234 quamonebatur,
959 3163 1003 3208 ne
1023 3138 1181 3209 admor-

110 3249 281 3336 tem-iret3
303 3249 498 3343 accepitque
523 3245 632 3334 illam,
646 3270 717 3314 ,nec
739 3244 896 3340 perlegit3
923 3245 982 3314 sed
1009 3248 1183 3341 scripturis

109 3351 188 3441 aliis,
199 3378 285 3448 quas
299 3355 433 3424 sinistra
448 3377 551 3422 manu
569 3353 737 3448 gestabat,
750 3355 844 3448 quasi
857 3354 968 3421 statim
974 3366 1101 3447 ‘postea
1115 3351 1181 3451 lec·

109 3473 219 3550 turus,
237 3463 445 3550 immiscuit,
467 3485 540 3555 quae
563 3473 679 3555 postea
700 3485 778 3529 cum
798 3457 876 3528 *aliis
898 3473 950 3528 est
970 3460 1130 3547 inventa3
1148 3475 1182 3529 et

109 3565 183 3638 hinc
204 3582 301 3638 ortus
322 3567 445 3640 dicitur
466 3592 539 3636 mos
560 3565 615 3636 ille
632 3567 800 3661 praeeipue
820 3567 1029 3660 principum,
1047 3580 1087 3638 ut
1103 3591 1181 3635 om·

109 3697 181 3748 nem
203 3678 405 3770 scripmram
424 3674 485 3746 sibi
505 3673 653 3743 oblatam
664 3672 846 3742 ,confestim
868 3671 988 3766 legant.
1012 3675 1180 3742 Caeterum

108 3779 156 3852 his
170 3797 271 3877 atque
288 3781 362 3854 aliis
384 3783 467 3851 moti
488 3780 623 3875 quidam
641 3781 838 3874 opinantur,
857 3782 1024 3850 Caesarem
1041 3794 1075 3848 et
1090 3805 1181 3849 mor·

109 3890 521 3984 tem-suampraescivisse,
538 3902 572 3956 et
591 3888 638 3957 sic
659 3887 746 3954 mori
763 3885 926 3961 voluisse:
940 3911 1019 3960 nam
1036 3887 1181 3982 ettaputl

28 4026 37 4038 ·
108 3996 388 4092 Xenophontem,
408 4015 512 4090 quum
537 3995 618 4089 Cyri
633 3995 735 4088 ,regis
757 4007 900 4062 mortem
917 4009 967 4062 -et
992 3995 1180 4066 orationem

109 4100 256 4174 ultimam
276 4102 458 4200 aliquando
479 4100 630 4197 legeret,
653 4100 859 4195 contempsit
886 4099 1014 4170 lentum
1028 4125 1077 4179 ac
1104 4100 1178 4174 lan·

168 4239 236 4307 III.
971 4259 1015 4328 17
