3000 5025
294 442 341 513 16
502 444 531 511 J.
560 440 717 510 CELSI
746 440 1144 511 COMMENTARII
1246 464 1248 480 ¹

287 575 441 644 biconem
451 607 463 662 ·,
478 576 535 668 qui
549 572 640 642 haud
658 570 777 668 procul
793 574 945 642 Arimino
967 575 1030 668 ipsi
1051 573 1222 643 Adriatico
1236 577 1321 645 mari
1334 590 1370 647 et

287 682 465 777 Apennino
484 680 672 751 infunditur
685 705 695 764 3
709 704 784 774 quae
806 679 920 750 multis
943 681 1138 775 magnisque
1159 681 1298 752 urbibus
1316 686 1367 751 in·

287 790 409 883 signis,
428 786 540 856 multis
567 778 657 855 clara
683 785 876 855 fluminibus
904 810 944 855 ac
974 786 1112 856 lacubus
1138 812 1200 882 per
1220 788 1368 860 medium

286 894 394 984 Pado,
412 920 511 989 quem
535 894 644 963 Graeci
666 893 852 961 Eridanum
870 908 1014 982 vocant,
1026 896 1118 989 regio
1137 918 1235 963 amne
1250 896 1365 965 distin·

287 1003 422 1097 guitur3
437 1002 510 1087 hic,
527 1001 681 1094 inquam,
696 1000 842 1069 ambitus
863 1014 1047 1090 terrarum,
1056 1002 1131 1094 jam
1145 1026 1214 1070 non
1232 1002 1366 1092 Galliae,

187 1172 194 1187 f
287 1107 343 1177 sed
369 1107 472 1176 Italiae
498 1131 576 1202 pars
600 1121 658 1180 est·
681 1106 935 1201 Transalpinam
958 1132 1058 1194 vero,
1081 1110 1151 1176 sive
1172 1107 1366 1178 ulteriorem

286 1213 430 1286 Galliam
448 1213 683 1309 cosmographi
701 1229 736 1283 et
756 1214 904 1283 historici
927 1216 1016 1283 varie
1037 1214 1241 1304 diviserunt3
1263 1240 1366 1311 quam

284 1346 380 1409 rem,
398 1321 489 1415 quod
511 1335 546 1389 et
569 1319 658 1415 apud
681 1345 739 1391 eos
760 1322 840 1390 satis
865 1321 1009 1390 obscura
1029 1336 1099 1410 est,
1120 1337 1155 1390 et
1180 1337 1219 1390 ut
1244 1322 1367 1393 clarior

284 1425 401 1516 lieret,
419 1426 565 1522 plurium
583 1427 747 1524 indigeret
771 1428 975 1517 verborum,
993 1441 1136 1531 transeo.
1153 1429 1255 1517 Quod
1278 1432 1366 1499 inter

284 1559 402 1603 omnes
414 1536 588 1624 convenit,
602 1550 652 1623 et,
666 1535 758 1629 quod
771 1560 890 1604 verum
901 1560 995 1623 reor,
1007 1537 1190 1630 attigerim,
1201 1538 1366 1607 universae

283 1640 510 1736 Transalpina
533 1640 649 1711 Galliae
671 1643 755 1712 lines
781 1668 821 1712 ac
843 1644 1006 1738 spatium,
1028 1642 1129 1712 firisse
1150 1644 1185 1711 in
1207 1640 1364 1737 longum,

282 1748 327 1818 ab
349 1746 489 1843 Alpibus
506 1748 610 1818 Italiae
628 1749 670 1818 ad
687 1752 863 1845 Oceanum
880 1752 1110 1819 Britannicum
1123 1753 1365 1845 Pyrenaeosque

284 1870 415 1926 montes
437 1858 494 1950 qui
517 1856 632 1925 Gallos
651 1856 813 1926 dirimunt
828 1857 872 1925 ab
894 1858 1072 1953 Hispanis3
1090 1859 1126 1925 in
1143 1856 1248 1925 latum
1265 1882 1366 1946 vero,

283 1962 437 2031 amnibus
456 1961 578 2031 Rheno
597 1963 801 2032 acRodano
822 1965 1023 2058 geminoque
1040 1965 1124 2031 mari
1145 1966 1180 2031 in
1197 1964 1288 2057 quod
1306 1964 1365 2033 flu·

283 2071 375 2138 mina
394 2070 466 2164 ipsa
488 2068 715 2159 descendunt,
737 2072 876 2139 Oceano
899 2069 1025 2140 scilicet
1047 2094 1086 2138 ac
1108 2073 1283 2163 Tyrreno,
1304 2096 1363 2165 pa·

223 2218 228 2224 -
282 2177 404 2265 tuisse;
421 2190 455 2244 at
470 2177 505 2245 in
523 2177 680 2264 circuitu,
697 2192 736 2246 ut
749 2177 927 2246 Suetonius
942 2173 1155 2269 Tranquillus
1174 2178 1237 2263 ait,
1253 2176 1296 2245 ad
1307 2178 1364 2248 bis

282 2297 316 2352 et
338 2284 447 2352 tricies
465 2297 607 2352 centena
628 2282 728 2353 millia
750 2308 919 2380 passuum.
939 2286 991 2351 Ex
1008 2283 1165 2351 omnibus
1184 2307 1263 2356 sane
1284 2284 1365 2354 divi·

282 2390 430 2460 sionibus
445 2390 515 2484 ejus
531 2415 570 2459 ac
585 2390 752 2486 partibus,
771 2416 874 2459 unam
893 2388 1036 2461 Galliam
1053 2388 1221 2485 Belgicam
1237 2390 1361 2459 dictam

282 2510 422 2568 constat.
446 2498 499 2566 De
522 2497 617 2591 cujus
635 2496 757 2568 linibus
777 2500 838 2568 etsi
865 2499 995 2567 varient
1015 2498 1215 2592 scriptores,
1235 2497 1302 2568 hoc
1317 2513 1363 2567 te

282 2604 625 2692 nendum,habitasse
637 2604 755 2699 Belgas
764 2605 879 2675 Gallos
886 2605 928 2674 ad
940 2606 1106 2674 sinistram
1116 2605 1227 2674 Rheni
1237 2605 1360 2699 ripam,

281 2712 339 2780 ubi
353 2713 496 2781 maxime
510 2712 553 2781 ad
570 2715 745 2782 Oceanum
758 2714 1021 2808 appropinquat,
1033 2714 1090 2807 qui
1101 2713 1190 2780 enim
1205 2709 1360 2780 dextrum

282 2817 368 2888 latus
389 2817 568 2906 accolunt,
582 2820 652 2914 jam
677 2845 746 2889 non
773 2819 862 2890 Galli
879 2835 975 2907 sunt,
994 2819 1051 2889 sed
1080 2820 1249 2888 Germani.
1272 2820 1361 2886 Inci-

281 2928 376 3020 piens
399 2950 480 3020 ergo
501 2925 678 3021 Belgarum
696 2929 789 3022 regio
814 2926 857 2995 ab
880 2929 1041 3015 Oceano,
1060 2928 1119 3020 qui
1136 2928 1223 2995 inter
1243 2940 1361 2995 arcton

282 3047 316 3101 et
338 3056 493 3101 occasum
514 3035 720 3102 Britanniam
742 3059 763 3102 a
782 3032 1029 3104 continentibus
1049 3048 1198 3128 separat,
1220 3032 1361 3101 adverso
1457 3063 1470 3090 κ

282 3139 427 3208 fluminis
446 3137 543 3229 alvep
562 3141 648 3208 inter
671 3142 943 3235 septemtrionem
958 3154 992 3208 et
1008 3142 1171 3209 orientem
1187 3137 1361 3226 tendebat,

282 3245 523 3340 quibushodie
549 3247 583 3314 in
606 3246 728 3316 finibus
749 3245 904 3317 Flandria
926 3260 960 3316 et
981 3246 1161 3316 Brabantia
1184 3260 1235 3315 est
1258 3259 1359 3340 atque

283 3354 478 3439 Hannonia,
496 3352 713 3448 plurimaeque
726 3353 816 3443 aliae,
835 3369 870 3423 et
889 3356 1063 3448 regionum
1085 3352 1187 3421 decus
1206 3351 1360 3445 adjacen-

283 3461 366 3528 tium
385 3485 404 3528 a
426 3461 545 3529 Marco
566 3461 716 3555 Agrippa
738 3461 918 3556 postmodo
939 3460 1099 3547 brodata,
1121 3473 1156 3527 et
1177 3456 1360 3528 conditoris

282 3569 333 3636 sui
355 3591 445 3635 nunc
468 3569 567 3635 etiam
590 3592 713 3637 nomen
732 3591 891 3653 servans,
913 3566 1006 3634 sedet
1025 3564 1081 3633 illa
1100 3563 1220 3633 nobilis
1237 3565 1360 3660 Agrip·

281 3675 360 3769 pina
388 3672 537 3743 Colonia.
561 3676 606 3743 Et
626 3675 690 3744 hos
718 3675 852 3769 quidem
879 3674 1008 3741 cunctis
1031 3669 1216 3742 Galliarum
1242 3671 1360 3742 incolis

281 3794 351 3848 tam
380 3805 560 3875 corporum
583 3781 731 3869 viribus,
750 3804 853 3873 quarn
875 3803 1008 3877 morum
1031 3779 1234 3874 experientia
1260 3793 1359 3872 atque

282 3888 374 3955 omni
390 3886 508 3956 bellica
529 3901 722 3983 praestantes
743 3886 928 3974 industria,
949 3901 984 3955 et
1000 3886 1101 3955 finisse
1119 3885 1199 3955 olim
1218 3884 1359 3979 legimus

282 4008 316 4062 et
337 4018 427 4062 nunc
449 3997 569 4064 scimus
584 4019 591 4061 :
607 4015 747 4062 ea‘vero
768 4008 841 4063 tota
862 3996 954 4063 natio
974 3994 1155 4090 paulatim,
1173 4015 1236 4062 nec
1254 3993 1361 4061 vetuit

237 4155 239 4160 ,
282 4099 442 4189 Rhenus,
460 4103 496 4172 in
517 4123 641 4172 nomen
670 4103 860 4172 Germania
881 4101 1096 4198 linguamque
1115 4100 1301 4188 concessit,
1321 4111 1359 4167 ut
