<?xml version="1.0" encoding="UTF-8"?>
<!DOCTYPE html PUBLIC "-//W3C//DTD XHTML 1.0 Transitional//EN"
    "http://www.w3.org/TR/xhtml1/DTD/xhtml1-transitional.dtd">
<html xmlns="http://www.w3.org/1999/xhtml" xml:lang="en" lang="en">
 <head>
  <title>
</title>
<meta http-equiv="Content-Type" content="text/html;charset=utf-8" />
  <meta name='ocr-system' content='tesseract 3.04.00' />
  <meta name='ocr-capabilities' content='ocr_page ocr_carea ocr_par ocr_line ocrx_word'/>
</head>
<body>
  <div class='ocr_page' id='page_1' title='image "./caiusjuliuscsar00unkngoog_0048.png"; bbox 0 0 3000 5025; ppageno 0'>
   <div class='ocr_carea' id='block_1_1' title="bbox 346 397 1208 552">
    <p class='ocr_par' dir='ltr' id='par_1_1' title="bbox 346 397 1208 552">
     <span class='ocr_line' id='line_1_1' title="bbox 346 397 1208 552; baseline 0.015 -49"><span class='ocrx_word' id='word_1_1' title='bbox 346 436 416 503; x_wconf 84' lang='lat' dir='ltr'><strong>na</strong></span> <span class='ocrx_word' id='word_1_2' title='bbox 444 436 736 507; x_wconf 76' lang='lat' dir='ltr'><strong>vrratunn</strong></span> <span class='ocrx_word' id='word_1_3' title='bbox 765 397 1002 515; x_wconf 71' lang='lat' dir='ltr'><strong>cassian.</strong></span> <span class='ocrx_word' id='word_1_4' title='bbox 1161 472 1208 552; x_wconf 52' lang='lat'><strong>²¹7</strong></span> 
     </span>
    </p>
   </div>
   <div class='ocr_carea' id='block_1_2' title="bbox 130 569 1211 785">
    <p class='ocr_par' dir='ltr' id='par_1_2' title="bbox 23 569 1211 785">
     <span class='ocr_line' id='line_1_2' title="bbox 130 569 1210 675; baseline 0.027 -48.115"><span class='ocrx_word' id='word_1_5' title='bbox 130 572 191 665; x_wconf 76' lang='lat' dir='ltr'><strong>jam</strong></span> <span class='ocrx_word' id='word_1_6' title='bbox 208 594 244 639; x_wconf 89' lang='lat' dir='ltr'><strong>se</strong></span> <span class='ocrx_word' id='word_1_7' title='bbox 268 569 391 651; x_wconf 87' lang='lat' dir='ltr'>Gallos</span> <span class='ocrx_word' id='word_1_8' title='bbox 408 570 474 640; x_wconf 92' lang='lat' dir='ltr'><strong>dici</strong></span> <span class='ocrx_word' id='word_1_9' title='bbox 493 573 660 660; x_wconf 87' lang='lat' dir='ltr'><strong>nesciant;</strong></span> <span class='ocrx_word' id='word_1_10' title='bbox 678 575 706 641; x_wconf 88' lang='lat' dir='ltr'><strong>si</strong></span> <span class='ocrx_word' id='word_1_11' title='bbox 726 574 879 663; x_wconf 85' lang='lat' dir='ltr'><strong>audiant,</strong></span> <span class='ocrx_word' id='word_1_12' title='bbox 894 579 1117 675; x_wconf 85' lang='lat' dir='ltr'><strong>indignentur.</strong></span> <span class='ocrx_word' id='word_1_13' title='bbox 1141 586 1210 655; x_wconf 86' lang='lat' dir='ltr'><strong>Bel·</strong></span> 
     </span>
     <span class='ocr_line' id='line_1_3' title="bbox 132 674 1211 785; baseline 0.025 -50.247"><span class='ocrx_word' id='word_1_14' title='bbox 132 678 175 771; x_wconf 83' lang='lat' dir='ltr'><strong>gis</strong></span> <span class='ocrx_word' id='word_1_15' title='bbox 189 678 338 771; x_wconf 78' lang='lat' dir='ltr'>proximi</span> <span class='ocrx_word' id='word_1_16' title='bbox 352 674 499 747; x_wconf 86' lang='lat' dir='ltr'><strong>Helvetii</strong></span> <span class='ocrx_word' id='word_1_17' title='bbox 516 678 695 774; x_wconf 83' lang='lat' dir='ltr'><strong>fuerepari</strong></span> <span class='ocrx_word' id='word_1_18' title='bbox 710 683 954 776; x_wconf 75' lang='lat' dir='ltr'><strong>propemodum</strong></span> <span class='ocrx_word' id='word_1_19' title='bbox 968 702 1003 756; x_wconf 88' lang='lat' dir='ltr'><strong>et</strong></span> <span class='ocrx_word' id='word_1_20' title='bbox 1016 688 1094 757; x_wconf 90' lang='lat' dir='ltr'><strong>belli</strong></span> <span class='ocrx_word' id='word_1_21' title='bbox 1105 690 1211 785; x_wconf 84' lang='lat' dir='ltr'><strong>gloria</strong></span> 
     </span>
    </p>
   </div>
   <div class='ocr_carea' id='block_1_3' title="bbox 23 783 1213 891">
    <p class='ocr_par' dir='ltr' id='par_1_3' title="bbox 23 783 1213 891">
     <span class='ocr_line' id='line_1_4' title="bbox 23 783 1213 891; baseline 0.015 -40"><span class='ocrx_word' id='word_1_22' title='bbox 23 836 24 877; x_wconf 75' lang='lat'><strong>,</strong></span> <span class='ocrx_word' id='word_1_23' title='bbox 132 798 161 851; x_wconf 91' lang='lat' dir='ltr'><strong>et</strong></span> <span class='ocrx_word' id='word_1_24' title='bbox 178 786 329 853; x_wconf 90' lang='lat' dir='ltr'><strong>virtute:</strong></span> <span class='ocrx_word' id='word_1_25' title='bbox 351 783 475 853; x_wconf 90' lang='lat' dir='ltr'><strong>horum</strong></span> <span class='ocrx_word' id='word_1_26' title='bbox 497 784 581 853; x_wconf 88' lang='lat' dir='ltr'><strong>fines</strong></span> <span class='ocrx_word' id='word_1_27' title='bbox 602 786 644 853; x_wconf 87' lang='lat' dir='ltr'><strong>ab</strong></span> <span class='ocrx_word' id='word_1_28' title='bbox 666 811 789 857; x_wconf 89' lang='lat' dir='ltr'><strong>occasu</strong></span> <span class='ocrx_word' id='word_1_29' title='bbox 810 791 892 857; x_wconf 87' lang='lat' dir='ltr'><strong>Jura</strong></span> <span class='ocrx_word' id='word_1_30' title='bbox 909 816 1005 863; x_wconf 90' lang='lat' dir='ltr'><strong>mons</strong></span> <span class='ocrx_word' id='word_1_31' title='bbox 1022 796 1177 891; x_wconf 80' lang='lat' dir='ltr'><strong>praealtus</strong></span> <span class='ocrx_word' id='word_1_32' title='bbox 1190 825 1213 868; x_wconf 91' lang='lat' dir='ltr'><strong>a</strong></span> 
     </span>
    </p>
   </div>
   <div class='ocr_carea' id='block_1_4' title="bbox 23 884 1212 987">
    <p class='ocr_par' dir='ltr' id='par_1_4' title="bbox 23 884 1212 987">
     <span class='ocr_line' id='line_1_5' title="bbox 23 884 1212 987; baseline 0.016 -30"><span class='ocrx_word' id='word_1_33' title='bbox 23 884 24 967; x_wconf 67' lang='lat' dir='ltr'>J</span> <span class='ocrx_word' id='word_1_34' title='bbox 133 893 290 985; x_wconf 85' lang='lat' dir='ltr'><strong>Sequanis</strong></span> <span class='ocrx_word' id='word_1_35' title='bbox 305 890 530 979; x_wconf 75' lang='lat' dir='ltr'><strong>discriminat,</strong></span> <span class='ocrx_word' id='word_1_36' title='bbox 544 916 564 959; x_wconf 92' lang='lat' dir='ltr'><strong>a</strong></span> <span class='ocrx_word' id='word_1_37' title='bbox 576 896 812 987; x_wconf 76' lang='lat' dir='ltr'><strong>septemtrione</strong></span> <span class='ocrx_word' id='word_1_38' title='bbox 825 910 937 965; x_wconf 87' lang='lat' dir='ltr'><strong>autem</strong></span> <span class='ocrx_word' id='word_1_39' title='bbox 950 900 1088 973; x_wconf 87' lang='lat' dir='ltr'><strong>Rhenus</strong></span> <span class='ocrx_word' id='word_1_40' title='bbox 1099 905 1212 978; x_wconf 89' lang='lat' dir='ltr'><strong>adhuc</strong></span> 
     </span>
    </p>
   </div>
   <div class='ocr_carea' id='block_1_5' title="bbox 133 998 1287 2812">
    <p class='ocr_par' dir='ltr' id='par_1_5' title="bbox 133 998 1287 2812">
     <span class='ocr_line' id='line_1_6' title="bbox 133 998 1211 1105; baseline 0 -38"><span class='ocrx_word' id='word_1_41' title='bbox 133 1001 303 1094; x_wconf 84' lang='lat' dir='ltr'><strong>proximus</strong></span> <span class='ocrx_word' id='word_1_42' title='bbox 318 998 406 1068; x_wconf 87' lang='lat' dir='ltr'><strong>fonti</strong></span> <span class='ocrx_word' id='word_1_43' title='bbox 424 1022 445 1065; x_wconf 92' lang='lat' dir='ltr'><strong>a</strong></span> <span class='ocrx_word' id='word_1_44' title='bbox 463 1000 660 1087; x_wconf 82' lang='lat' dir='ltr'><strong>Gemranis,</strong></span> <span class='ocrx_word' id='word_1_45' title='bbox 678 1003 830 1095; x_wconf 89' lang='lat' dir='ltr'><strong>quamvis</strong></span> <span class='ocrx_word' id='word_1_46' title='bbox 847 1016 882 1070; x_wconf 92' lang='lat' dir='ltr'><strong>et</strong></span> <span class='ocrx_word' id='word_1_47' title='bbox 897 1004 920 1071; x_wconf 92' lang='lat' dir='ltr'><strong>ii</strong></span> <span class='ocrx_word' id='word_1_48' title='bbox 935 1030 1211 1105; x_wconf 70' lang='lat' dir='ltr'><strong>quoque,·quem.</strong></span> 
     </span>
     <span class='ocr_line' id='line_1_7' title="bbox 134 1103 1211 1199; baseline 0.011 -22"><span class='ocrx_word' id='word_1_49' title='bbox 134 1105 313 1177; x_wconf 81' lang='lat' dir='ltr'><strong>admodum</strong></span> <span class='ocrx_word' id='word_1_50' title='bbox 336 1105 378 1173; x_wconf 88' lang='lat' dir='ltr'><strong>de</strong></span> <span class='ocrx_word' id='word_1_51' title='bbox 398 1103 507 1199; x_wconf 84' lang='lat' dir='ltr'><strong>Belgis</strong></span> <span class='ocrx_word' id='word_1_52' title='bbox 531 1104 692 1195; x_wconf 79' lang='lat' dir='ltr'><strong>diximus,</strong></span> <span class='ocrx_word' id='word_1_53' title='bbox 711 1110 746 1176; x_wconf 93' lang='lat' dir='ltr'><strong>in</strong></span> <span class='ocrx_word' id='word_1_54' title='bbox 767 1110 958 1179; x_wconf 72' lang='lat' dir='ltr'><strong>Germaniae</strong></span> <span class='ocrx_word' id='word_1_55' title='bbox 982 1138 1104 1184; x_wconf 88' lang='lat' dir='ltr'><strong>nomen</strong></span> <span class='ocrx_word' id='word_1_56' title='bbox 1127 1135 1211 1189; x_wconf 89' lang='lat' dir='ltr'><strong>tem·</strong></span> 
     </span>
     <span class='ocr_line' id='line_1_8' title="bbox 135 1212 1211 1318; baseline 0.015 -38"><span class='ocrx_word' id='word_1_57' title='bbox 135 1238 211 1313; x_wconf 84' lang='lat' dir='ltr'><strong>pore</strong></span> <span class='ocrx_word' id='word_1_58' title='bbox 240 1212 375 1281; x_wconf 84' lang='lat' dir='ltr'><strong>labente</strong></span> <span class='ocrx_word' id='word_1_59' title='bbox 408 1212 618 1281; x_wconf 82' lang='lat' dir='ltr'><strong>transierint:</strong></span> <span class='ocrx_word' id='word_1_60' title='bbox 638 1229 736 1309; x_wconf 88' lang='lat' dir='ltr'><strong>atque</strong></span> <span class='ocrx_word' id='word_1_61' title='bbox 766 1216 813 1284; x_wconf 87' lang='lat' dir='ltr'><strong>ita</strong></span> <span class='ocrx_word' id='word_1_62' title='bbox 841 1215 958 1297; x_wconf 71' lang='lat' dir='ltr'><strong>Gallia</strong></span> <span class='ocrx_word' id='word_1_63' title='bbox 986 1222 1211 1318; x_wconf 75' lang='lat' dir='ltr'><strong>Transalpinas</strong></span> 
     </span>
     <span class='ocr_line' id='line_1_9' title="bbox 136 1320 1212 1415; baseline 0.011 -28"><span class='ocrx_word' id='word_1_64' title='bbox 136 1344 270 1415; x_wconf 82' lang='lat' dir='ltr'><strong>magnas</strong></span> <span class='ocrx_word' id='word_1_65' title='bbox 291 1333 404 1414; x_wconf 86' lang='lat' dir='ltr'><strong>partes</strong></span> <span class='ocrx_word' id='word_1_66' title='bbox 425 1320 486 1387; x_wconf 92' lang='lat' dir='ltr'><strong>sibi</strong></span> <span class='ocrx_word' id='word_1_67' title='bbox 509 1322 691 1389; x_wconf 85' lang='lat' dir='ltr'><strong>Germania</strong></span> <span class='ocrx_word' id='word_1_68' title='bbox 709 1322 908 1412; x_wconf 86' lang='lat' dir='ltr'><strong>vindicavit,</strong></span> <span class='ocrx_word' id='word_1_69' title='bbox 920 1326 1006 1395; x_wconf 88' lang='lat' dir='ltr'><strong>sicut</strong></span> <span class='ocrx_word' id='word_1_70' title='bbox 1027 1341 1132 1397; x_wconf 90' lang='lat' dir='ltr'><strong>totam</strong></span> <span class='ocrx_word' id='word_1_71' title='bbox 1153 1335 1212 1401; x_wconf 89' lang='lat' dir='ltr'><strong>Ci-</strong></span> 
     </span>
     <span class='ocr_line' id='line_1_10' title="bbox 137 1426 1212 1527; baseline 0.007 -28"><span class='ocrx_word' id='word_1_72' title='bbox 137 1428 294 1527; x_wconf 88' lang='lat' dir='ltr'><strong>salpinam</strong></span> <span class='ocrx_word' id='word_1_73' title='bbox 318 1426 379 1495; x_wconf 88' lang='lat' dir='ltr'><strong>sibi</strong></span> <span class='ocrx_word' id='word_1_74' title='bbox 403 1426 586 1495; x_wconf 87' lang='lat' dir='ltr'><strong>vindicavit</strong></span> <span class='ocrx_word' id='word_1_75' title='bbox 604 1427 725 1515; x_wconf 86' lang='lat' dir='ltr'><strong>¹Italia;</strong></span> <span class='ocrx_word' id='word_1_76' title='bbox 746 1429 790 1497; x_wconf 90' lang='lat' dir='ltr'><strong>ab</strong></span> <span class='ocrx_word' id='word_1_77' title='bbox 812 1431 941 1501; x_wconf 88' lang='lat' dir='ltr'><strong>oriente</strong></span> <span class='ocrx_word' id='word_1_78' title='bbox 963 1436 1212 1522; x_wconf 83' lang='lat' dir='ltr'><strong>autem,claus·</strong></span> 
     </span>
     <span class='ocr_line' id='line_1_11' title="bbox 137 1532 1287 1635; baseline 0.01 -33"><span class='ocrx_word' id='word_1_79' title='bbox 137 1553 184 1607; x_wconf 83' lang='lat' dir='ltr'><strong>tra</strong></span> <span class='ocrx_word' id='word_1_80' title='bbox 205 1532 342 1629; x_wconf 84' lang='lat' dir='ltr'><strong>Alpium</strong></span> <span class='ocrx_word' id='word_1_81' title='bbox 361 1532 532 1602; x_wconf 86' lang='lat' dir='ltr'><strong>Helvetios</strong></span> <span class='ocrx_word' id='word_1_82' title='bbox 558 1534 600 1602; x_wconf 94' lang='lat' dir='ltr'><strong>ab</strong></span> <span class='ocrx_word' id='word_1_83' title='bbox 626 1532 723 1603; x_wconf 88' lang='lat' dir='ltr'><strong>Italia</strong></span> <span class='ocrx_word' id='word_1_84' title='bbox 746 1552 926 1628; x_wconf 85' lang='lat' dir='ltr'><strong>secernunt</strong></span> <span class='ocrx_word' id='word_1_85' title='bbox 944 1539 1035 1635; x_wconf 87' lang='lat' dir='ltr'><strong>jugis</strong></span> <span class='ocrx_word' id='word_1_86' title='bbox 1058 1545 1154 1613; x_wconf 89' lang='lat' dir='ltr'><strong>aeriis</strong></span> <span class='ocrx_word' id='word_1_87' title='bbox 1178 1560 1213 1615; x_wconf 88' lang='lat' dir='ltr'><strong>et</strong></span> <span class='ocrx_word' id='word_1_88' title='bbox 1282 1624 1287 1629; x_wconf 37' lang='grc'>,</span> 
     </span>
     <span class='ocr_line' id='line_1_12' title="bbox 138 1641 1212 1740; baseline 0.011 -32"><span class='ocrx_word' id='word_1_89' title='bbox 138 1648 208 1715; x_wconf 84' lang='lat' dir='ltr'><strong>nive</strong></span> <span class='ocrx_word' id='word_1_90' title='bbox 230 1655 416 1737; x_wconf 88' lang='lat' dir='ltr'><strong>perpetua:</strong></span> <span class='ocrx_word' id='word_1_91' title='bbox 437 1665 457 1708; x_wconf 93' lang='lat' dir='ltr'><strong>a</strong></span> <span class='ocrx_word' id='word_1_92' title='bbox 474 1641 610 1710; x_wconf 86' lang='lat' dir='ltr'><strong>meridie</strong></span> <span class='ocrx_word' id='word_1_93' title='bbox 632 1644 825 1711; x_wconf 89' lang='lat' dir='ltr'><strong>Lemannus</strong></span> <span class='ocrx_word' id='word_1_94' title='bbox 846 1642 938 1713; x_wconf 92' lang='lat' dir='ltr'><strong>lacus</strong></span> <span class='ocrx_word' id='word_1_95' title='bbox 957 1660 992 1715; x_wconf 91' lang='lat' dir='ltr'><strong>et</strong></span> <span class='ocrx_word' id='word_1_96' title='bbox 1009 1648 1212 1740; x_wconf 87' lang='lat' dir='ltr'><strong>Rhodanus,</strong></span> 
     </span>
     <span class='ocr_line' id='line_1_13' title="bbox 137 1750 1211 1849; baseline 0.007 -28"><span class='ocrx_word' id='word_1_97' title='bbox 137 1756 189 1848; x_wconf 89' lang='lat' dir='ltr'><strong>qui</strong></span> <span class='ocrx_word' id='word_1_98' title='bbox 216 1750 327 1821; x_wconf 91' lang='lat' dir='ltr'><strong>lacum</strong></span> <span class='ocrx_word' id='word_1_99' title='bbox 353 1752 552 1836; x_wconf 80' lang='lat' dir='ltr'><strong>intersecat,</strong></span> <span class='ocrx_word' id='word_1_100' title='bbox 578 1751 664 1817; x_wconf 89' lang='lat' dir='ltr'><strong>inter</strong></span> <span class='ocrx_word' id='word_1_101' title='bbox 691 1773 748 1818; x_wconf 88' lang='lat' dir='ltr'><strong>eos</strong></span> <span class='ocrx_word' id='word_1_102' title='bbox 771 1765 870 1844; x_wconf 87' lang='lat' dir='ltr'><strong>atque</strong></span> <span class='ocrx_word' id='word_1_103' title='bbox 891 1750 1090 1849; x_wconf 82' lang='lat' dir='ltr'><strong>Allobroges</strong></span> <span class='ocrx_word' id='word_1_104' title='bbox 1118 1756 1211 1829; x_wconf 88' lang='lat' dir='ltr'><strong>limes</strong></span> 
     </span>
     <span class='ocr_line' id='line_1_14' title="bbox 138 1854 1213 1951; baseline 0.005 -22"><span class='ocrx_word' id='word_1_105' title='bbox 138 1875 213 1929; x_wconf 89' lang='lat' dir='ltr'><strong>erat.</strong></span> <span class='ocrx_word' id='word_1_106' title='bbox 247 1861 404 1947; x_wconf 87' lang='lat' dir='ltr'><strong>Quorum</strong></span> <span class='ocrx_word' id='word_1_107' title='bbox 426 1856 561 1943; x_wconf 87' lang='lat' dir='ltr'><strong>finium,</strong></span> <span class='ocrx_word' id='word_1_108' title='bbox 589 1870 629 1923; x_wconf 91' lang='lat' dir='ltr'><strong>ut</strong></span> <span class='ocrx_word' id='word_1_109' title='bbox 654 1854 761 1928; x_wconf 87' lang='lat' dir='ltr'><strong>Julius</strong></span> <span class='ocrx_word' id='word_1_110' title='bbox 778 1860 904 1927; x_wconf 74' lang='lat' dir='ltr'><strong>Caesar</strong></span> <span class='ocrx_word' id='word_1_111' title='bbox 924 1860 1092 1951; x_wconf 88' lang='lat' dir='ltr'><strong>affirmat,</strong></span> <span class='ocrx_word' id='word_1_112' title='bbox 1111 1863 1213 1935; x_wconf 89' lang='lat' dir='ltr'><strong>millia</strong></span> 
     </span>
     <span class='ocr_line' id='line_1_15' title="bbox 138 1962 1211 2062; baseline 0.005 -25"><span class='ocrx_word' id='word_1_113' title='bbox 138 1992 292 2062; x_wconf 88' lang='lat' dir='ltr'><strong>passuum</strong></span> <span class='ocrx_word' id='word_1_114' title='bbox 319 1964 464 2033; x_wconf 82' lang='lat' dir='ltr'><strong>ducenta</strong></span> <span class='ocrx_word' id='word_1_115' title='bbox 491 1963 735 2057; x_wconf 79' lang='lat' dir='ltr'><strong>quadraginta3</strong></span> <span class='ocrx_word' id='word_1_116' title='bbox 758 1962 898 2034; x_wconf 84' lang='lat' dir='ltr'><strong>latitudo</strong></span> <span class='ocrx_word' id='word_1_117' title='bbox 924 1982 1042 2046; x_wconf 87' lang='lat' dir='ltr'><strong>autem</strong></span> <span class='ocrx_word' id='word_1_118' title='bbox 1075 1986 1211 2041; x_wconf 85' lang='lat' dir='ltr'><strong>centum</strong></span> 
     </span>
     <span class='ocr_line' id='line_1_16' title="bbox 138 2072 1211 2169; baseline 0.003 -25"><span class='ocrx_word' id='word_1_119' title='bbox 138 2075 304 2169; x_wconf 86' lang='lat' dir='ltr'><strong>octoginta</strong></span> <span class='ocrx_word' id='word_1_120' title='bbox 324 2072 479 2167; x_wconf 87' lang='lat' dir='ltr'><strong>patebat,</strong></span> <span class='ocrx_word' id='word_1_121' title='bbox 496 2085 530 2139; x_wconf 88' lang='lat' dir='ltr'><strong>et</strong></span> <span class='ocrx_word' id='word_1_122' title='bbox 549 2085 660 2139; x_wconf 89' lang='lat' dir='ltr'><strong>tamen</strong></span> <span class='ocrx_word' id='word_1_123' title='bbox 680 2095 743 2165; x_wconf 89' lang='lat' dir='ltr'><strong>pro</strong></span> <span class='ocrx_word' id='word_1_124' title='bbox 767 2075 1004 2143; x_wconf 87' lang='lat' dir='ltr'><strong>numerositate</strong></span> <span class='ocrx_word' id='word_1_125' title='bbox 1019 2076 1211 2167; x_wconf 87' lang='lat' dir='ltr'><strong>hominum,</strong></span> 
     </span>
     <span class='ocr_line' id='line_1_17' title="bbox 138 2177 1213 2279; baseline 0.006 -30"><span class='ocrx_word' id='word_1_126' title='bbox 138 2206 173 2251; x_wconf 87' lang='lat' dir='ltr'><strong>ae</strong></span> <span class='ocrx_word' id='word_1_127' title='bbox 189 2180 355 2254; x_wconf 86' lang='lat' dir='ltr'><strong>bellorum</strong></span> <span class='ocrx_word' id='word_1_128' title='bbox 373 2177 504 2266; x_wconf 88' lang='lat' dir='ltr'><strong>studio,</strong></span> <span class='ocrx_word' id='word_1_129' title='bbox 525 2178 672 2273; x_wconf 88' lang='lat' dir='ltr'><strong>angustis</strong></span> <span class='ocrx_word' id='word_1_130' title='bbox 685 2177 747 2260; x_wconf 85' lang='lat' dir='ltr'><strong>sibi</strong></span> <span class='ocrx_word' id='word_1_131' title='bbox 763 2180 952 2249; x_wconf 80' lang='lat' dir='ltr'><strong>carceribus</strong></span> <span class='ocrx_word' id='word_1_132' title='bbox 970 2182 1213 2279; x_wconf 83' lang='lat' dir='ltr'><strong>circumscripti</strong></span> 
     </span>
     <span class='ocr_line' id='line_1_18' title="bbox 138 2284 1212 2382; baseline 0.003 -24"><span class='ocrx_word' id='word_1_133' title='bbox 138 2303 168 2359; x_wconf 88' lang='lat' dir='ltr'><strong>et</strong></span> <span class='ocrx_word' id='word_1_134' title='bbox 176 2288 279 2358; x_wconf 89' lang='lat' dir='ltr'><strong>clausi</strong></span> <span class='ocrx_word' id='word_1_135' title='bbox 288 2286 496 2355; x_wconf 87' lang='lat' dir='ltr'><strong>videbantur.</strong></span> <span class='ocrx_word' id='word_1_136' title='bbox 516 2287 568 2353; x_wconf 84' lang='lat' dir='ltr'><strong>Ex</strong></span> <span class='ocrx_word' id='word_1_137' title='bbox 586 2284 757 2379; x_wconf 81' lang='lat' dir='ltr'><strong>praemissa</strong></span> <span class='ocrx_word' id='word_1_138' title='bbox 773 2284 1212 2382; x_wconf 76' lang='lat' dir='ltr'><strong>descriptione,nisi‘fallor,</strong></span> 
     </span>
     <span class='ocr_line' id='line_1_19' title="bbox 136 2391 1213 2491; baseline 0.003 -26"><span class='ocrx_word' id='word_1_139' title='bbox 136 2410 243 2491; x_wconf 81' lang='lat' dir='ltr'><strong>patet,</strong></span> <span class='ocrx_word' id='word_1_140' title='bbox 258 2396 382 2463; x_wconf 88' lang='lat' dir='ltr'><strong>horum</strong></span> <span class='ocrx_word' id='word_1_141' title='bbox 399 2394 434 2474; x_wconf 80' lang='lat' dir='ltr'><strong>in</strong></span> <span class='ocrx_word' id='word_1_142' title='bbox 443 2391 565 2461; x_wconf 90' lang='lat' dir='ltr'><strong>finibus</strong></span> <span class='ocrx_word' id='word_1_143' title='bbox 574 2391 697 2481; x_wconf 75' lang='lat' dir='ltr'><strong>baisse,</strong></span> <span class='ocrx_word' id='word_1_144' title='bbox 715 2394 1063 2489; x_wconf 83' lang='lat' dir='ltr'><strong>quosBurgvmdiones</strong></span> <span class='ocrx_word' id='word_1_145' title='bbox 1075 2398 1118 2466; x_wconf 86' lang='lat' dir='ltr'><strong>ab</strong></span> <span class='ocrx_word' id='word_1_146' title='bbox 1133 2402 1213 2469; x_wconf 92' lang='lat' dir='ltr'><strong>Bur-</strong></span> 
     </span>
     <span class='ocr_line' id='line_1_20' title="bbox 136 2497 1212 2600; baseline 0.002 -28"><span class='ocrx_word' id='word_1_147' title='bbox 136 2505 180 2600; x_wconf 89' lang='lat' dir='ltr'><strong>gis</strong></span> <span class='ocrx_word' id='word_1_148' title='bbox 204 2501 307 2572; x_wconf 91' lang='lat' dir='ltr'><strong>modo</strong></span> <span class='ocrx_word' id='word_1_149' title='bbox 324 2501 486 2589; x_wconf 85' lang='lat' dir='ltr'><strong>dicimus,</strong></span> <span class='ocrx_word' id='word_1_150' title='bbox 506 2499 548 2568; x_wconf 88' lang='lat' dir='ltr'><strong>ad</strong></span> <span class='ocrx_word' id='word_1_151' title='bbox 567 2497 817 2588; x_wconf 86' lang='lat' dir='ltr'><strong>meridionalem</strong></span> <span class='ocrx_word' id='word_1_152' title='bbox 832 2499 988 2596; x_wconf 85' lang='lat' dir='ltr'><strong>plagam:</strong></span> <span class='ocrx_word' id='word_1_153' title='bbox 1008 2503 1051 2571; x_wconf 89' lang='lat' dir='ltr'><strong>ad</strong></span> <span class='ocrx_word' id='word_1_154' title='bbox 1062 2521 1212 2592; x_wconf 84' lang='lat' dir='ltr'><strong>arctoam</strong></span> 
     </span>
     <span class='ocr_line' id='line_1_21' title="bbox 136 2607 1211 2702; baseline 0.004 -24"><span class='ocrx_word' id='word_1_155' title='bbox 136 2637 212 2680; x_wconf 90' lang='lat' dir='ltr'><strong>vero</strong></span> <span class='ocrx_word' id='word_1_156' title='bbox 235 2609 327 2680; x_wconf 89' lang='lat' dir='ltr'><strong>illam</strong></span> <span class='ocrx_word' id='word_1_157' title='bbox 354 2609 466 2676; x_wconf 85' lang='lat' dir='ltr'><strong>Rheni</strong></span> <span class='ocrx_word' id='word_1_158' title='bbox 487 2611 613 2702; x_wconf 80' lang='lat' dir='ltr'><strong>ripam,-</strong></span> <span class='ocrx_word' id='word_1_159' title='bbox 636 2607 1009 2701; x_wconf 80' lang='lat' dir='ltr'><strong>ubiArgentinanunc,</strong></span> <span class='ocrx_word' id='word_1_160' title='bbox 1024 2611 1135 2680; x_wconf 86' lang='lat' dir='ltr'><strong>etillae</strong></span> <span class='ocrx_word' id='word_1_161' title='bbox 1148 2618 1211 2682; x_wconf 84' lang='lat' dir='ltr'><strong>Ba·</strong></span> 
     </span>
     <span class='ocr_line' id='line_1_22' title="bbox 136 2713 1264 2812; baseline 0.001 -25"><span class='ocrx_word' id='word_1_162' title='bbox 136 2717 254 2799; x_wconf 79' lang='lat' dir='ltr'><strong>sileaet</strong></span> <span class='ocrx_word' id='word_1_163' title='bbox 267 2714 470 2790; x_wconf 70' lang='lat' dir='ltr'><strong>Constanc&#39;ta</strong></span> <span class='ocrx_word' id='word_1_164' title='bbox 484 2716 587 2784; x_wconf 88' lang='lat' dir='ltr'><strong>urbes&#39;</strong></span> <span class='ocrx_word' id='word_1_165' title='bbox 594 2713 719 2784; x_wconf 90' lang='lat' dir='ltr'><strong>sedent.</strong></span> <span class='ocrx_word' id='word_1_166' title='bbox 728 2715 791 2782; x_wconf 85' lang='lat' dir='ltr'><strong>¹Cis</strong></span> <span class='ocrx_word' id='word_1_167' title='bbox 801 2714 1005 2782; x_wconf 88' lang='lat' dir='ltr'><strong>Rhodanum</strong></span> <span class='ocrx_word' id='word_1_168' title='bbox 1014 2715 1212 2812; x_wconf 83' lang='lat' dir='ltr'><strong>Allobroges</strong></span> <span class='ocrx_word' id='word_1_169' title='bbox 1256 2734 1264 2751; x_wconf 80' lang='lat'><strong><em>‘</em></strong></span> 
     </span>
    </p>
   </div>
   <div class='ocr_carea' id='block_1_6' title="bbox 136 2821 1329 2915">
    <p class='ocr_par' dir='ltr' id='par_1_6' title="bbox 136 2821 1329 2915">
     <span class='ocr_line' id='line_1_23' title="bbox 136 2821 1329 2915; baseline 0.001 -21"><span class='ocrx_word' id='word_1_170' title='bbox 136 2841 270 2894; x_wconf 88' lang='lat' dir='ltr'><strong>tenuere</strong></span> <span class='ocrx_word' id='word_1_171' title='bbox 288 2822 407 2892; x_wconf 83' lang='lat' dir='ltr'><strong>laevam</strong></span> <span class='ocrx_word' id='word_1_172' title='bbox 424 2824 551 2892; x_wconf 87' lang='lat' dir='ltr'><strong>amnis:</strong></span> <span class='ocrx_word' id='word_1_173' title='bbox 572 2821 615 2890; x_wconf 84' lang='lat' dir='ltr'><strong>ad</strong></span> <span class='ocrx_word' id='word_1_174' title='bbox 634 2823 743 2915; x_wconf 86' lang='lat' dir='ltr'><strong>ripam</strong></span> <span class='ocrx_word' id='word_1_175' title='bbox 765 2845 932 2913; x_wconf 85' lang='lat' dir='ltr'><strong>quorum,</strong></span> <span class='ocrx_word' id='word_1_176' title='bbox 951 2835 991 2888; x_wconf 93' lang='lat' dir='ltr'><strong>ut</strong></span> <span class='ocrx_word' id='word_1_177' title='bbox 1003 2821 1091 2889; x_wconf 90' lang='lat' dir='ltr'><strong>idem</strong></span> <span class='ocrx_word' id='word_1_178' title='bbox 1104 2823 1213 2896; x_wconf 81' lang='lat' dir='ltr'><strong>Julius</strong></span> <span class='ocrx_word' id='word_1_179' title='bbox 1312 2841 1329 2868; x_wconf 57' lang='lat'>⁸</span> 
     </span>
    </p>
   </div>
   <div class='ocr_carea' id='block_1_7' title="bbox 137 2925 1216 4198">
    <p class='ocr_par' dir='ltr' id='par_1_7' title="bbox 137 2925 1216 4198">
     <span class='ocr_line' id='line_1_24' title="bbox 137 2925 1210 3026; baseline 0.001 -27"><span class='ocrx_word' id='word_1_180' title='bbox 137 2935 262 3019; x_wconf 84' lang='lat' dir='ltr'><strong>Caesar,</strong></span> <span class='ocrx_word' id='word_1_181' title='bbox 283 2946 470 3021; x_wconf 64' lang='lat' dir='ltr'><strong>entremum</strong></span> <span class='ocrx_word' id='word_1_182' title='bbox 494 2927 750 3026; x_wconf 81' lang='lat' dir='ltr'><strong>proximumque</strong></span> <span class='ocrx_word' id='word_1_183' title='bbox 774 2925 934 2996; x_wconf 84' lang='lat' dir='ltr'><strong>Helvetiis</strong></span> <span class='ocrx_word' id='word_1_184' title='bbox 960 2927 1120 3024; x_wconf 84' lang='lat' dir='ltr'><strong>angulum</strong></span> <span class='ocrx_word' id='word_1_185' title='bbox 1144 2934 1210 3012; x_wconf 82' lang='lat' dir='ltr'><strong>Ge-</strong></span> 
     </span>
     <span class='ocr_line' id='line_1_25' title="bbox 137 3034 1212 3131; baseline 0.001 -24"><span class='ocrx_word' id='word_1_186' title='bbox 137 3065 199 3109; x_wconf 90' lang='lat' dir='ltr'><strong>nua</strong></span> <span class='ocrx_word' id='word_1_187' title='bbox 222 3038 305 3107; x_wconf 91' lang='lat' dir='ltr'><strong>olim</strong></span> <span class='ocrx_word' id='word_1_188' title='bbox 328 3037 489 3131; x_wconf 92' lang='lat' dir='ltr'><strong>oppidum</strong></span> <span class='ocrx_word' id='word_1_189' title='bbox 512 3036 666 3122; x_wconf 89' lang='lat' dir='ltr'><strong>tenebat,</strong></span> <span class='ocrx_word' id='word_1_190' title='bbox 690 3059 780 3102; x_wconf 88' lang='lat' dir='ltr'><strong>nunc</strong></span> <span class='ocrx_word' id='word_1_191' title='bbox 801 3034 965 3104; x_wconf 86' lang='lat' dir='ltr'><strong>Gebenna</strong></span> <span class='ocrx_word' id='word_1_192' title='bbox 984 3038 1104 3105; x_wconf 85' lang='lat' dir='ltr'><strong>civitas</strong></span> <span class='ocrx_word' id='word_1_193' title='bbox 1121 3050 1212 3110; x_wconf 84' lang='lat' dir='ltr'><strong>tenet</strong></span> 
     </span>
     <span class='ocr_line' id='line_1_26' title="bbox 137 3139 1212 3242; baseline 0.002 -28"><span class='ocrx_word' id='word_1_194' title='bbox 137 3150 267 3242; x_wconf 78' lang='lat' dir='ltr'><strong>exigua,</strong></span> <span class='ocrx_word' id='word_1_195' title='bbox 276 3158 312 3211; x_wconf 90' lang='lat' dir='ltr'><strong>et</strong></span> <span class='ocrx_word' id='word_1_196' title='bbox 325 3146 476 3212; x_wconf 83' lang='lat' dir='ltr'><strong>Lemana</strong></span> <span class='ocrx_word' id='word_1_197' title='bbox 490 3144 667 3210; x_wconf 88' lang='lat' dir='ltr'><strong>imminens</strong></span> <span class='ocrx_word' id='word_1_198' title='bbox 682 3155 716 3242; x_wconf 88' lang='lat' dir='ltr'><strong>et</strong></span> <span class='ocrx_word' id='word_1_199' title='bbox 731 3139 899 3209; x_wconf 88' lang='lat' dir='ltr'><strong>Rhodano</strong></span> <span class='ocrx_word' id='word_1_200' title='bbox 910 3143 1002 3236; x_wconf 89' lang='lat' dir='ltr'><strong>,ipso</strong></span> <span class='ocrx_word' id='word_1_201' title='bbox 1018 3142 1063 3210; x_wconf 88' lang='lat' dir='ltr'><strong>ibi</strong></span> <span class='ocrx_word' id='word_1_202' title='bbox 1078 3143 1122 3213; x_wconf 90' lang='lat' dir='ltr'><strong>de</strong></span> <span class='ocrx_word' id='word_1_203' title='bbox 1136 3145 1212 3217; x_wconf 84' lang='lat' dir='ltr'><strong>lacu</strong></span> 
     </span>
     <span class='ocr_line' id='line_1_27' title="bbox 139 3248 1211 3343; baseline -0.001 -23"><span class='ocrx_word' id='word_1_204' title='bbox 139 3251 274 3322; x_wconf 90' lang='lat' dir='ltr'><strong>auctiori</strong></span> <span class='ocrx_word' id='word_1_205' title='bbox 296 3249 447 3343; x_wconf 84' lang='lat' dir='ltr'><strong>quidem,</strong></span> <span class='ocrx_word' id='word_1_206' title='bbox 463 3273 563 3342; x_wconf 90' lang='lat' dir='ltr'><strong>quam</strong></span> <span class='ocrx_word' id='word_1_207' title='bbox 585 3250 789 3335; x_wconf 88' lang='lat' dir='ltr'><strong>intraverat,</strong></span> <span class='ocrx_word' id='word_1_208' title='bbox 807 3251 1003 3341; x_wconf 85' lang='lat' dir='ltr'><strong>erumpenti.</strong></span> <span class='ocrx_word' id='word_1_209' title='bbox 1033 3248 1121 3319; x_wconf 88' lang='lat' dir='ltr'><strong>Pons</strong></span> <span class='ocrx_word' id='word_1_210' title='bbox 1143 3249 1211 3320; x_wconf 91' lang='lat' dir='ltr'><strong>illic</strong></span> 
     </span>
     <span class='ocr_line' id='line_1_28' title="bbox 138 3353 1212 3452; baseline -0.001 -24"><span class='ocrx_word' id='word_1_211' title='bbox 138 3359 223 3428; x_wconf 87' lang='lat' dir='ltr'><strong>haud</strong></span> <span class='ocrx_word' id='word_1_212' title='bbox 248 3381 396 3452; x_wconf 85' lang='lat' dir='ltr'><strong>magnus</strong></span> <span class='ocrx_word' id='word_1_213' title='bbox 426 3371 475 3424; x_wconf 88' lang='lat' dir='ltr'><strong>est</strong></span> <span class='ocrx_word' id='word_1_214' title='bbox 504 3355 626 3442; x_wconf 92' lang='lat' dir='ltr'><strong>hodie,</strong></span> <span class='ocrx_word' id='word_1_215' title='bbox 648 3353 822 3448; x_wconf 71' lang='lat' dir='ltr'><strong>lateretque</strong></span> <span class='ocrx_word' id='word_1_216' title='bbox 836 3353 932 3423; x_wconf 81' lang='lat' dir='ltr'><strong>olim</strong></span> <span class='ocrx_word' id='word_1_217' title='bbox 963 3354 1041 3423; x_wconf 85' lang='lat' dir='ltr'><strong>Julii</strong></span> <span class='ocrx_word' id='word_1_218' title='bbox 1057 3359 1212 3444; x_wconf 70' lang='lat' dir='ltr'><strong>Caesaris</strong></span> 
     </span>
     <span class='ocr_line' id='line_1_29' title="bbox 140 3461 1211 3558; baseline -0.002 -24"><span class='ocrx_word' id='word_1_219' title='bbox 140 3481 247 3550; x_wconf 82' lang='lat' dir='ltr'><strong>atate,</strong></span> <span class='ocrx_word' id='word_1_220' title='bbox 264 3465 323 3558; x_wconf 91' lang='lat' dir='ltr'><strong>qui</strong></span> <span class='ocrx_word' id='word_1_221' title='bbox 345 3487 485 3532; x_wconf 82' lang='lat' dir='ltr'><strong>amum</strong></span> <span class='ocrx_word' id='word_1_222' title='bbox 505 3463 646 3531; x_wconf 88' lang='lat' dir='ltr'><strong>civitatis</strong></span> <span class='ocrx_word' id='word_1_223' title='bbox 665 3461 827 3555; x_wconf 87' lang='lat' dir='ltr'><strong>incipiens</strong></span> <span class='ocrx_word' id='word_1_224' title='bbox 845 3462 880 3529; x_wconf 92' lang='lat' dir='ltr'><strong>in</strong></span> <span class='ocrx_word' id='word_1_225' title='bbox 900 3461 1022 3530; x_wconf 87' lang='lat' dir='ltr'><strong>linibus</strong></span> <span class='ocrx_word' id='word_1_226' title='bbox 1043 3461 1211 3546; x_wconf 79' lang='lat' dir='ltr'><strong>Helvetio-</strong></span> 
     </span>
     <span class='ocr_line' id='line_1_30' title="bbox 143 3567 1213 3664; baseline 0.001 -24"><span class='ocrx_word' id='word_1_227' title='bbox 143 3597 209 3640; x_wconf 90' lang='lat' dir='ltr'><strong>rum</strong></span> <span class='ocrx_word' id='word_1_228' title='bbox 226 3571 365 3658; x_wconf 83' lang='lat' dir='ltr'><strong>desinit;</strong></span> <span class='ocrx_word' id='word_1_229' title='bbox 382 3569 466 3638; x_wconf 86' lang='lat' dir='ltr'><strong>adeo</strong></span> <span class='ocrx_word' id='word_1_230' title='bbox 481 3568 610 3658; x_wconf 85' lang='lat' dir='ltr'><strong>nullum</strong></span> <span class='ocrx_word' id='word_1_231' title='bbox 629 3567 783 3661; x_wconf 86' lang='lat' dir='ltr'><strong>gentibus</strong></span> <span class='ocrx_word' id='word_1_232' title='bbox 799 3569 886 3636; x_wconf 85' lang='lat' dir='ltr'><strong>inter</strong></span> <span class='ocrx_word' id='word_1_233' title='bbox 908 3593 942 3636; x_wconf 88' lang='lat' dir='ltr'><strong>se</strong></span> <span class='ocrx_word' id='word_1_234' title='bbox 959 3567 1000 3637; x_wconf 79' lang='lat' dir='ltr'><strong>ea</strong></span> <span class='ocrx_word' id='word_1_235' title='bbox 1013 3584 1213 3664; x_wconf 84' lang='lat' dir='ltr'><strong>tempestate</strong></span> 
     </span>
     <span class='ocr_line' id='line_1_31' title="bbox 143 3674 1212 3773; baseline -0.001 -28"><span class='ocrx_word' id='word_1_236' title='bbox 143 3677 342 3748; x_wconf 88' lang='lat' dir='ltr'><strong>discordibus</strong></span> <span class='ocrx_word' id='word_1_237' title='bbox 366 3677 430 3758; x_wconf 81' lang='lat' dir='ltr'><strong>nisi</strong></span> <span class='ocrx_word' id='word_1_238' title='bbox 447 3675 556 3746; x_wconf 88' lang='lat' dir='ltr'><strong>adhue</strong></span> <span class='ocrx_word' id='word_1_239' title='bbox 573 3676 671 3770; x_wconf 84' lang='lat' dir='ltr'><strong>parvi</strong></span> <span class='ocrx_word' id='word_1_240' title='bbox 686 3674 831 3745; x_wconf 81' lang='lat' dir='ltr'><strong>fluminis</strong></span> <span class='ocrx_word' id='word_1_241' title='bbox 856 3674 985 3744; x_wconf 88' lang='lat' dir='ltr'><strong>obicem</strong></span> <span class='ocrx_word' id='word_1_242' title='bbox 1011 3691 1132 3744; x_wconf 83' lang='lat' dir='ltr'><strong>natura</strong></span> <span class='ocrx_word' id='word_1_243' title='bbox 1147 3701 1212 3773; x_wconf 48' lang='lat' dir='ltr'><strong>&#39;po-</strong></span> 
     </span>
     <span class='ocr_line' id='line_1_32' title="bbox 143 3780 1215 3880; baseline 0.002 -28"><span class='ocrx_word' id='word_1_244' title='bbox 143 3799 245 3854; x_wconf 87' lang='lat' dir='ltr'><strong>suerat</strong></span> <span class='ocrx_word' id='word_1_245' title='bbox 257 3780 264 3852; x_wconf 92' lang='lat'><strong>!</strong></span> <span class='ocrx_word' id='word_1_246' title='bbox 278 3783 338 3853; x_wconf 92' lang='lat' dir='ltr'><strong>sed</strong></span> <span class='ocrx_word' id='word_1_247' title='bbox 351 3784 419 3874; x_wconf 90' lang='lat' dir='ltr'><strong>huc</strong></span> <span class='ocrx_word' id='word_1_248' title='bbox 436 3797 552 3876; x_wconf 82' lang='lat' dir='ltr'><strong>postea</strong></span> <span class='ocrx_word' id='word_1_249' title='bbox 566 3795 715 3850; x_wconf 86' lang='lat' dir='ltr'><strong>revertar</strong></span> <span class='ocrx_word' id='word_1_250' title='bbox 726 3805 735 3869; x_wconf 82' lang='lat'><em>3</em></span> <span class='ocrx_word' id='word_1_251' title='bbox 748 3805 839 3849; x_wconf 84' lang='lat' dir='ltr'><strong>minc</strong></span> <span class='ocrx_word' id='word_1_252' title='bbox 857 3781 1115 3876; x_wconf 85' lang='lat' dir='ltr'><strong>descriptionem</strong></span> <span class='ocrx_word' id='word_1_253' title='bbox 1128 3808 1215 3880; x_wconf 79' lang='lat' dir='ltr'><strong>coep</strong></span> 
     </span>
     <span class='ocr_line' id='line_1_33' title="bbox 145 3887 1215 3986; baseline 0.004 -29"><span class='ocrx_word' id='word_1_254' title='bbox 145 3905 205 3959; x_wconf 83' lang='lat' dir='ltr'><strong>tarn</strong></span> <span class='ocrx_word' id='word_1_255' title='bbox 223 3889 511 3986; x_wconf 77' lang='lat' dir='ltr'><strong>pauciser&#39;tpcdio.</strong></span> <span class='ocrx_word' id='word_1_256' title='bbox 536 3887 953 3984; x_wconf 29' lang='lat' dir='ltr'><strong>Igituriad&#39;occidentem„</strong></span> <span class='ocrx_word' id='word_1_257' title='bbox 961 3893 1119 3984; x_wconf 82' lang='lat' dir='ltr'><strong>propius,</strong></span> <span class='ocrx_word' id='word_1_258' title='bbox 1139 3907 1174 3963; x_wconf 83' lang='lat' dir='ltr'><strong>et</strong></span> <span class='ocrx_word' id='word_1_259' title='bbox 1194 3917 1215 3961; x_wconf 90' lang='lat' dir='ltr'><strong>a</strong></span> 
     </span>
     <span class='ocr_line' id='line_1_34' title="bbox 146 3996 1216 4094; baseline 0.002 -28"><span class='ocrx_word' id='word_1_260' title='bbox 146 3997 254 4068; x_wconf 83' lang='lat' dir='ltr'><strong>Rheno</strong></span> <span class='ocrx_word' id='word_1_261' title='bbox 269 3999 409 4091; x_wconf 87' lang='lat' dir='ltr'><strong>longius</strong></span> <span class='ocrx_word' id='word_1_262' title='bbox 419 3997 572 4090; x_wconf 77' lang='lat' dir='ltr'><strong>Sequani</strong></span> <span class='ocrx_word' id='word_1_263' title='bbox 585 3996 703 4082; x_wconf 82' lang='lat' dir='ltr'><strong>fuero,</strong></span> <span class='ocrx_word' id='word_1_264' title='bbox 714 3997 772 4088; x_wconf 89' lang='lat' dir='ltr'><strong>qui</strong></span> <span class='ocrx_word' id='word_1_265' title='bbox 786 3996 914 4082; x_wconf 87' lang='lat' dir='ltr'><strong>nescio,</strong></span> <span class='ocrx_word' id='word_1_266' title='bbox 931 4020 976 4063; x_wconf 89' lang='lat' dir='ltr'><strong>an</strong></span> <span class='ocrx_word' id='word_1_267' title='bbox 996 3996 1216 4094; x_wconf 75' lang='lat' dir='ltr'><strong>lluminis‘pa</strong></span> 
     </span>
     <span class='ocr_line' id='line_1_35' title="bbox 141 4101 1216 4198; baseline -0.004 -22"><span class='ocrx_word' id='word_1_268' title='bbox 141 4105 191 4176; x_wconf 81' lang='lat' dir='ltr'><strong>tn&#39;i</strong></span> <span class='ocrx_word' id='word_1_269' title='bbox 201 4115 326 4186; x_wconf 82' lang='lat' dir='ltr'><strong>nomen</strong></span> <span class='ocrx_word' id='word_1_270' title='bbox 336 4105 545 4197; x_wconf 78' lang='lat' dir='ltr'><strong>acceperint,</strong></span> <span class='ocrx_word' id='word_1_271' title='bbox 558 4106 603 4198; x_wconf 81' lang='lat' dir='ltr'><strong>ab</strong></span> <span class='ocrx_word' id='word_1_272' title='bbox 613 4102 845 4194; x_wconf 74' lang='lat' dir='ltr'><strong>dederintthis</strong></span> <span class='ocrx_word' id='word_1_273' title='bbox 856 4101 1083 4190; x_wconf 64' lang='lat' dir='ltr'><strong>addcpteram</strong></span> <span class='ocrx_word' id='word_1_274' title='bbox 1091 4105 1216 4198; x_wconf 68' lang='lat' dir='ltr'><strong>Belgae,</strong></span> 
     </span>
    </p>
   </div>
   <div class='ocr_carea' id='block_1_8' title="bbox 191 4243 1035 4308">
    <p class='ocr_par' dir='ltr' id='par_1_8' title="bbox 191 4243 1035 4308">
     <span class='ocr_line' id='line_1_36' title="bbox 191 4243 1035 4308; baseline -0.001 -1"><span class='ocrx_word' id='word_1_275' title='bbox 191 4243 259 4308; x_wconf 91' lang='lat' dir='ltr'><em>III.</em></span> <span class='ocrx_word' id='word_1_276' title='bbox 1016 4264 1035 4306; x_wconf 83' lang='lat'><em>2</em></span> 
     </span>
    </p>
   </div>
   <div class='ocr_carea' id='block_1_9' title="bbox 0 0 1515 5025">
    <p class='ocr_par' dir='ltr' id='par_1_9' title="bbox 0 0 1515 5025">
     <span class='ocr_line' id='line_1_37' title="bbox 0 0 1515 5025; baseline 0 0"><span class='ocrx_word' id='word_1_277' title='bbox 0 0 1515 5025; x_wconf 95' lang='lat' dir='ltr'><strong> </strong></span> 
     </span>
    </p>
   </div>
  </div>
 </body>
</html>
