3000 5025
396 478 435 546 C.
464 476 662 545 JULIUS
689 476 879 546 CAESAR.
1115 474 1186 547 311

116 635 133 673 ιι
149 608 220 677 Γέῖε
234 608 399 702 Κρασσίνιε
410 607 435 695 ¹,
449 609 501 677 καὶ
519 618 584 689 πῶς
603 620 660 678 τοῦ
675 610 803 703 θράσους
817 612 943 704 έχομεν;
960 639 978 675 υ
995 595 1025 676 0
1040 602 1076 677 δὲ
1089 613 1193 703 Κρασ-

89 724 99 743 ”
114 716 217 799 είνιος,
246 714 381 796 ἐκτείνας
405 720 462 790 τὴν
490 709 612 801 δεξιὰν,
640 716 691 785 καὶ
722 719 803 812 μέγα
832 720 957 803 βοώσας·
979 746 996 781 α
1014 719 1191 810 Νικόσομεν

116 851 132 887 tt
149 814 222 914 (ἔφη
238 815 431 917 )λαμπρῶς,
443 821 468 890 ὦ
482 826 615 917 Καῖσαρ·
631 825 684 916 ἐμὲ
698 820 757 918 γὰρ
772 823 792 899 ἢ
810 819 913 902 ζῶντα
930 828 1078 916 τόμεφον,
1092 823 1111 898 ἢ
1127 822 1194 891 τεθ-

108 930 241 1013 νηκότα,
256 932 432 1008 ἐπαινέσεις.
453 958 470 995 ιι
485 933 585 997 Ταῦτ’
600 930 707 1015 εἰπὼν,
722 937 846 1024 πρῶτος
862 926 1010 1023 έμύαλλιι
1024 940 1089 1008 τοῖς
1106 937 1194 997 πολε-

113 1036 185 1125 μίοις
201 1027 326 1129 δρόμῳ,
339 1035 640 1128 συνεπισπασάμενος
665 1038 736 1114 τοὺς
754 1039 824 1129 περὶ
847 1038 940 1105 αὐτὸν
965 1038 1074 1105 ἑκατὸν
1100 1034 1194 1104 εἴκοσι

112 1146 297 1235 ςρατιώτας.
316 1139 473 1232 Διακόψας
492 1136 527 1209 δὲ
542 1144 613 1221 τοὺς
628 1146 786 1236 πρώτους,
800 1144 852 1211 καὶ
869 1145 976 1238 πρόσω
989 1153 1096 1237 χωρῶν
1112 1144 1195 1233 φόνιρ

112 1255 212 1338 πολλῷ
227 1250 280 1319 καὶ
300 1243 495 1342 βιαζόμενος,
515 1251 727 1319 ἀνακόπτεται
746 1245 823 1342 ξίφει
841 1251 968 1346 πληγεὶς
989 1243 1043 1316 διὰ
1061 1259 1119 1318 τοῦ
1137 1250 1194 1325 ςό·

20 1402 22 1433 ,
113 1380 223 1448 ματος,
237 1362 299 1435 ώςε
317 1357 370 1425 καὶ
386 1359 442 1431 τήν
459 1354 593 1449 αἰχμὴν2
608 1358 683 1449 ὑπὲρ
701 1358 739 1424 τὸ
754 1356 826 1425 ἰνίον
845 1359 1000 1450 ἀνασχεῖν.

20 1540 22 1557 γ
159 1465 270 1533 XLV.
281 1467 378 1531 Οὕτω
392 1456 428 1531 δὲ
447 1474 509 1531 τῶν
523 1458 623 1543 πεζῶν
638 1459 722 1532 κατὰ
743 1466 781 1531 τὸ
799 1467 890 1557 μέσον
915 1464 1126 1557 συρραγέντων
1144 1462 1196 1530 καὶ

20 1558 22 1663 γ
113 1570 291 1663 μαχομένων
314 1572 449 1639 ἀπὸτοῦ
467 1571 651 1664 κέρατος,οἱ
667 1581 724 1639 τοῦ
743 1566 910 1663 Πομπηίου
932 1572 1033 1648 ἱππεῖς
1056 1564 1196 1661 σοόαρῶς

63 1761 65 1763 ¹
112 1680 294 1761 ἐπήλαυνον,
309 1678 350 1756 είς
370 1680 520 1745 κύκλωσιν
544 1688 601 1745 τοῦ
620 1668 723 1756 δεξιοῦ
744 1673 802 1755 τὰς
818 1675 887 1754 ἴλας
914 1660 1122 1770 ἀνεχόμενοιθ·
1144 1674 1197 1741 καὶ

20 1774 22 1827 θ
112 1784 176 1875 πρὶν
198 1782 217 1857 ἢ
237 1778 421 1878 προσόαλεῖν
442 1786 571 1867 αὐτοὺς,
590 1786 784 1879 ἐκτρέχουσιν
807 1784 839 1849 αἱ
860 1790 981 1876 σπεῖραι
1005 1778 1091 1873 παρὰ
1114 1779 1198 1847 Καί·

112 1916 216 1983 σαρος,
231 1896 306 1983 οὐχ,
324 1895 425 1983 ὥσπερ
446 1891 600 1975 εἰώθασιν,
615 1892 820 1983 ἀκοντίσμασι
831 1893 982 1982 χρώμενοι
996 1896 1059 1965 τοῖς
1075 1892 1199 1971 ὑσσοῖς,

113 1989 182 2081 οὐδὲ
203 1999 317 2091 μηροὺς
333 1997 476 2076 παίοντες
495 2000 529 2065 ἐκ
542 1996 691 2092 χειρός,ἢ
711 2001 829 2088 κνύμας
846 2005 919 2063 τῶν
931 1993 1102 2087 πολεμίων,
1116 1987 1199 2060 ἀλλὰ

20 2194 21 2199 ¹
114 2111 171 2171 τῶν
186 2100 286 2193 ὄψεων
310 2108 474 2195 ἐφιέμενοι,
498 2104 549 2171 καὶ
574 2103 616 2173 τὰ
638 2105 792 2199 πρόσωπα
819 2105 1107 2189 συντιτρώσκοντες.
1131 2084 1198 2168 Ῠπὸ

114 2210 269 2305 Καίσαρος
297 2202 518 2305 δεδιδαγμένοι
547 2223 642 2279 τοῦτο
670 2218 785 2294 ποιεῖν,
813 2203 991 2288 ἐλπίζοντος
1017 2199 1132 2301 ἄνδρας
1164 2209 1198 2273 ού

114 2316 214 2385 πολλὰ
232 2320 397 2411 πολέμοις,
415 2310 486 2385 οὐδὲ
504 2321 674 2413 τραύμασιν
694 2319 910 2409 ὡμιληκότας,
925 2317 1009 2393 νέους
1019 2305 1064 2381 ’δὲ
1080 2313 1132 2380 καὶ
1145 2339 1200 2381 κο-

115 2435 236 2516 μῶντας
251 2425 302 2493 ἐπὶ
316 2425 421 2493 κέλλει
441 2424 494 2492 καὶ
509 2430 590 2518 ὥρᾳ,
607 2426 728 2520 μάλιςα
740 2421 798 2501 τὰς
815 2424 963 2499 τοιαύτας
986 2415 1108 2517 πληγὰς
1122 2420 1201 2487 ὑπό-

116 2527 239 2616 θεσθαι,
251 2533 303 2600 καὶ
322 2536 364 2626 μῆ
381 2539 494 2622 μενεῖν,
512 2531 565 2600 τόν
581 2536 611 2600 ἐν
628 2542 674 2618 τῷ
688 2531 820 2623 παρόντι
837 2520 975 2596 κίνδυνον
990 2529 1056 2620 ἅμα
1075 2527 1127 2594 καὶ
1142 2529 1200 2601 τὴν

117 2636 196 2718 αὖθις
208 2625 372 2731 αἰσχύνειν4
383 2631 576 2716 δεδοικότας.
586 2617 614 2703 θ)
626 2630 665 2711 δὴ
677 2637 729 2704 καὶ
739 2619 921 2702 συνέύλιινεν·
930 2638 964 2700 ού
974 2633 1032 2728 γὰρ
1043 2634 1201 2724 ἠνείχοντο

116 2755 174 2814 τῶν
193 2751 293 2813 ὑσσῶν
313 2747 562 2838 ἀναφερομένων,
576 2735 643 2812 οὐδ’
659 2740 800 2835 ἐτόλμων
812 2745 848 2808 ἐν
862 2741 1029 2832 ὀφθαλμοῖς
1049 2739 1103 2806 τόν
1118 2730 1203 2822 σίδη-

117 2879 164 2945 ρον
183 2860 314 2946 ὁρῶντες
326 2903 336 2936 ,
350 2854 418 2920 ἀλλ’
431 2853 644 2944 οἱπεςρέφοντο
658 2849 710 2918 καὶ
724 2851 1013 2930 συνεκαλύπτοντο,
1027 2839 1202 2936 φειδόμενοι

118 2969 175 3026 τῶν
189 2963 374 3053 προσώπων.
390 2960 455 3026 Καὶ
469 2959 556 3036 τέλος
576 2961 660 3026 οὕτω
672 2951 864 3049 ταράξαντες
874 2955 1013 3030 -ἑαυτοὺς
1030 2948 1203 3047 ἐτρέποντο

119 3070 255 3162 φεύγειν,
270 3065 399 3158 αἴσχιςα
413 3061 622 3159 λυμφνοίμενοι
637 3066 676 3131 τὸ
695 3057 831 3156 σύμπαν.
848 3061 946 3140 Εὐθὺς
964 3055 1023 3156 γὰρ
1043 3062 1071 3127 οἱ
1090 3059 1144 3153 μὲν
1159 3083 1205 3124 νε-

118 3174 274 3252 νικηκότες
300 3175 451 3256 τούτους,
474 3175 657 3239 ἐκυκλοῦντο
680 3175 753 3249 τοὺς
778 3165 908 3250 πεζοὺς,
924 3167 976 3235 καὶ
999 3162 1082 3234 κατὰ
1103 3168 1204 3233 νώτου

20 3275 21 3280 ’
119 3280 365 3373 προσπίπτοντες
388 3282 530 3347 ἔκοπτον.
545 3281 709 3370 Πομπιίῖος
724 3271 755 3343 δ’
769 3283 810 3354 ὡς
823 3268 963 3344 κατεῖδεν
978 3274 1041 3341 ἀπὸ
1053 3256 1204 3365 θατέρου5

120 3389 189 3471 τοὺς
205 3387 306 3464 ἱππεῖς
325 3395 406 3480 φυγῇ
416 3375 665 3470 σκεδασθέντας,
680 3386 781 3452 οὐκέτ’
795 3380 831 3456 ἦν
852 3389 869 3449 ό
892 3383 1002 3465 αὐτὸς,
1019 3372 1087 3447 οὐδ’
1109 3381 1204 3471 ἐμέμ-

121 3518 191 3567 νητο
208 3495 373 3585 Πομπθϊος
388 3492 432 3593 ὢνΙ
442 3491 588 3588 Μάγνος,
603 3493 672 3590 ἀλλ’
686 3493 747 3572 ὑπὸ
765 3492 834 3577 θεοῦ
857 3488 978 3582 μέλιςα
999 3487 1205 3577 βλαπτομένῳ
1281 3538 1282 3541 .

164 3721 186 3758 1.
207 3703 362 3756 Crastinum
376 3715 454 3774 vocat
469 3703 571 3769 Caesar,
587 3721 637 3769 ιιι,
688 3695 1205 3774 σιπωάιῃεὴν,υῑοᾶωἱείεθ.0.θοιυρ.

125 3803 169 3854 φι.
190 3783 234 3836 Sio
247 3795 274 3842 et
289 3784 359 3855 App.
376 3801 415 3849 τι,
429 3786 481 3850 823
496 3796 523 3836 et
537 3783 636 3841 Lucan.
730 3781 757 3834 3.
787 3783 842 3834 Pro
871 3781 1035 3850 ἀνεχόμενοι,
1063 3774 1207 3848 legendum

123 3863 288 3928 Phars.v11‚
303 3881 329 3916 v.
346 3869 413 3933 471.
683 3881 751 3915 oum
773 3863 881 3934 Bryano
899 3859 1059 3929 ἀναχεόμενοι
1079 3856 1209 3930 proponit

164 3963 190 3996 ε.
217 3941 384 3998 servandum
407 3943 516 3996 fortasse
543 3944 640 4014 ἀκμὴν,
690 3940 831 3996 Schmied:
845 3951 915 3995 tacet
928 3939 1020 4008 Coray.

124 4021 196 4094 quod
211 4022 241 4076 in
257 4022 416 4096 quibusdam
426 4024 642 4094 legitumtrec·
690 4086 693 4091 A
732 4029 758 4091 4.
776 4019 979 4079 Deformitatem
992 4018 1022 4069 in
1037 4029 1184 4089 posterum.

125 4104 175 4156 tius
189 4101 365 4176 tribuendum
378 4101 485 4164 videtur
507 4110 543 4174 τῷ
563 4104 639 4174 ξίφει,
733 4103 759 4158 5.
776 4104 799 4155 Α
813 4099 908 4154 dextro
922 4117 1016 4153 cornu.
