3000 5025
301 472 379 545 260
524 478 554 544 J.
583 474 743 544 CELSI
770 470 1158 542 COMMENTARII

299 606 481 703 carumque
516 610 551 676 in
579 606 692 678 locum
710 602 1045 676 ‘senatusconsultum
1075 603 1179 673 breve
1204 624 1266 696 per
1296 624 1378 696 prte-

298 735 418 785 conem
437 715 536 809 jussu
553 711 708 783 Consulis
722 714 905 781 'recitatum
930 725 1001 796 est,
1022 735 1091 805 quo
1113 710 1239 780 Caesari
1254 732 1380 777 omnes

298 820 444 891 honores
466 821 596 890 divinos
613 822 847 915 humanosque
865 818 1078 905 decreverat3
1092 830 1128 886 et
1143 829 1308 911 praterea
1315 815 1380 908 jus·

296 926 501 1021 jurandum,
523 952 590 1021 quo
612 952 648 997 se
662 951 790 996 omnes
805 949 876 1021 pro
900 922 1007 995 salute
1028 924 1100 1018 ejus
1126 921 1380 1017 obligaverant3

297 1047 336 1102 ut
358 1034 543 1105 evidentius
555 1088 566 1123 ‚
577 1056 654 1105 ‘non
668 1033 770 1104 modo
788 1032 903 1118 cadis,
921 1030 982 1101 sed
997 1030 1136 1127 perjurii
1154 1028 1263 1099 scelus
1281 1041 1379 1099 esset:

296 1142 370 1235 pari
389 1140 589 1236 compendio
603 1142 803 1237 permissum
816 1154 883 1224 est,
897 1160 1039 1208 munera
1056 1136 1099 1206 ad
1113 1135 1221 1234 funus
1230 1160 1273 1205 ex
1285 1160 1381 1205 more

296 1246 497 1336 ferentibus,
518 1261 557 1317 ut
580 1251 650 1317 sine
672 1247 808 1332 ordine,
827 1272 896 1343 quo
913 1246 1053 1340 quisque
1071 1241 1191 1331 vellet,
1206 1246 1242 1311 in
1259 1243 1381 1313 itinere

296 1378 395 1423 suum
412 1378 536 1425 munus
553 1355 591 1423 in
610 1378 767 1449 campum
786 1354 896 1449 ipsum
919 1352 1082 1422 Martium
1107 1349 1276 1438 deferret;
1301 1348 1381 1418 inde

294 1461 331 1529 in
358 1461 470 1531 forum
500 1460 789 1556 amagistratibus
811 1460 940 1530 delatus
964 1472 1031 1529 est:
1050 1457 1216 1551 dumque,
1240 1456 1381 1525 ubinam

295 1568 495 1637 cremandus
520 1562 628 1651 esset,
662 1569 696 1637 in
732 1569 950 1663 quaestionem
979 1566 1126 1635 uenisset
1145 1588 1155 1652 3
1191 1562 1314 1658 aliique
1345 1564 1382 1631 in
1450 1620 1457 1652 ‚

293 1675 407 1765 ouria,
425 1675 461 1743 in
488 1691 555 1769 qu'a
581 1676 711 1745 occisus
732 1688 823 1763 erat,
840 1673 897 1744 alii
915 1674 951 1742 in
973 1670 1058 1743 cella
1076 1672 1170 1740 Jovis
1196 1669 1353 1739 dicerent
1371 1697 1381 1756 3

292 1781 405 1849 subito
425 1780 495 1850 duo
506 1782 571 1849 viri
584 1782 705 1877 ignoti,
717 1781 878 1851 succincti
893 1778 1021 1875 gladiis,
1036 1792 1071 1847 et
1082 1775 1195 1872 jacula
1211 1777 1382 1872 binages·

292 1900 421 1977 tontes,
443 1887 637 1959 ardentibus
659 1888 862 1982 cereisigne
883 1909 1026 1957 accenso
1044 1884 1253 1954 diremerunt
1273 1881 1380 1972 litem3

294 1996 464 2089 secutique
492 2018 608 2064 omnes
637 1995 730 2089 quasi
759 1994 917 2063 divinitus
942 2005 1234 2089 praemonstratam
1260 1992 1380 2080 viam,

229 2142 232 2151 ·
293 2100 391 2171 multi
404 2116 513 2171 vestes
524 2100 645 2189 ,multi
662 2124 757 2170 arma
777 2101 898 2194 quibus
920 2101 1030 2169 ornati
1044 2098 1269 2186 advenerant,
1282 2098 1381 2169 flam·

292 2208 356 2275 mis
378 2207 543 2301 injecere3
566 2208 733 2303 praecipue
761 2209 929 2296 veterani,
942 2208 1000 2301 qui
1013 2206 1077 2276 sub
1098 2204 1155 2275 illo
1173 2206 1379 2277 victoriosis·

294 2314 377 2381 sime
399 2310 603 2404 militarant,
624 2316 719 2409 quasi
734 2315 805 2409 jam
827 2316 929 2384 armis
946 2312 1021 2382 vale
1043 2312 1217 2401 dicerent,
1234 2309 1294 2381 illo
1318 2337 1379 2382 ex·

293 2421 420 2511 tincto,
444 2422 501 2516 qui
532 2445 700 2491 summum
733 2422 843 2490 fuerat
863 2421 966 2491 decus
987 2444 1183 2507 armorum3
1203 2433 1380 2491 matrona

292 2528 394 2596 etiam
408 2551 468 2597 sua
482 2529 517 2598 in
532 2531 643 2625 ignem
656 2543 691 2599 et
710 2528 857 2599 filiorum
871 2543 1070 2599 ornamenta
1083 2527 1268 2622 jactabant
1289 2531 1380 2599 Luc·

292 2648 346 2704 tus
368 2635 486 2730 ingens
507 2635 571 2705 fuit
597 2659 667 2706 non
691 2637 924 2712 Romanorum
951 2636 1080 2724 modo,
1102 2634 1161 2706 sed
1185 2648 1379 2704 exterarum

283 2743 444 2835 'gentium
463 2767 639 2838 ¹quoque,
672 2745 816 2837 maxime
848 2742 1068 2828 Judaeorum,
1096 2745 1155 2837 qui
1184 2740 1380 2836 sepulcrum

292 2848 363 2941 ejus
384 2848 511 2944 aliquot
535 2851 702 2921 continuis
720 2849 876 2922 noctibus
894 2874 959 2946 pro
977 2849 1092 2920 officio
1110 2849 1378 2944 frequentanmt

293 2956 434 3025 Peracto
460 2956 594 3046 funere,
609 2956 703 3052 plebs
724 2979 866 3030 romana
886 2956 930 3026 ad
949 2957 1088 3027 domum
1102 2957 1197 3026 Bruti
1215 2968 1249 3023 et
1268 2957 1378 3026 Cassii

293 3059 423 3130 facibus
443 3078 572 3132 armata
593 3064 783 3155 contendit;
801 3065 924 3159 vixque
942 3064 1021 3133 inde
1041 3061 1196 3158 repulsa,
1216 3062 1378 3133 Helvium

292 3168 439 3237 Cinnam
457 3169 631 3240 infelicem.
641 3171 820 3266 quemdam
837 3172 1008 3240 hominem
1022 3223 1033 3259 ,
1046 3194 1127 3240 casu
1143 3168 1303 3258 obvium,
1323 3195 1378 3240 er·

219 3367 221 3375 y
293 3297 370 3344 rore
390 3278 534 3346 nominis
547 3275 662 3347 delusa
675 3279 871 3373 discerpsit,
892 3277 1032 3348 credens
1045 3275 1256 3360 alium-esse,
1273 3301 1376 3372 quem

290 3380 495 3452 mordaciter
522 3409 583 3478 per
611 3409 669 3454 eos
697 3385 769 3455 dies
795 3399 914 3455 contra
939 3386 1106 3456 Caesarem
1128 3383 1279 3454 locuntur
1292 3408 1379 3454 ¹esse

293 3489 489 3576 constabat3
519 3489 723 3586 affixumque
750 3491 855 3560 hastae
880 3507 1007 3587 caput,
1028 3490 1123 3561 velut
1142 3489 1254 3559 taliter
1276 3501 1376 3562 suum

283 3594 414 3665 ducem
432 3595 516 3681 ulta,
538 3600 688 3692 gestavit.
711 3599 767 3668 Sic
787 3597 903 3670 alienae
920 3597 1028 3694 culpae
1048 3597 1104 3667 ille
1124 3600 1288 3668 innocens
1305 3625 1375 3695 ρω-

292 3723 353 3770 nas
363 3702 473 3774 :dedit
489 3704 654 3774 Posthac
672 3705 842 3776 Numidici
857 3705 976 3802 lapidis
990 3700 1181 3776 columnam
1200 3705 1376 3776 ineodem

288 3805 367 3878 ¹loco
386 3813 500 3905 posuit
515 3811 633 3903 viginti
654 3811 786 3907 pedtun-
799 3812 1227 3909 altitudinis3-inscriptione
1242 3811 1374 3896 addita,

289 3918 606 4012 Parentipam'ae3
628 3918 671 3987 ad
692 3943 794 4014 quam
815 3933 850 3989 et
869 3919 1056 3991 sacrificare
1074 3933 1109 3989 et
1125 3943 1252 4018 vovere
1270 3933 1307 3988 et
1321 3919 1375 4013 ju·
1482 3996 1483 4001 ἵ

290 4047 366 4092 rare
393 4049 455 4118 per
479 4027 657 4096 ‘Caesarem
684 4026 808 4097 diutius
838 4026 1054 4097 observatum
1074 4040 1135 4096 est
1158 4026 1260 4096 Periit
1283 4047 1374 4095 anno

289 4132 396 4204 aetatis
412 4153 451 4208 vr
462 4139 501 4208 'et
518 4155 559 4222 n;
580 4131 705 4211 relatus
721 4149 776 4210 est
791 4136 828 4208 in
841 4157 983 4209 numero
997 4137 1168 4225 Deorum,
1183 4141 1254 4206 'non
1269 4131 1373 4206 modo
