3000 5025
250 485 555 556 INTERPRES
582 468 817 556 GRAEcu's.
846 489 943 555 υιιι.
971 488 1062 557 v11.
1119 486 1193 582 487

118 625 1198 664 mmmmfflfflmmmmfflmmmw

203 811 242 901 Γ
247 810 413 905 ΑΙΟΥ
450 807 734 906 ΙΟΥΛΙΟΥ
771 810 1119 906 ΚΑΙΣΑΡΟΣ

137 955 1178 1169 AHOMNHMONEYMATA

248 1322 345 1387 ΤΟΥ
363 1323 426 1388 ΕΝ
447 1323 533 1388 ΤΗΙ
552 1321 790 1386 ΓΑΛΑΤΙΑΙ
809 1322 1061 1387 ΠΟΛΕΜΟΥ.

456 1525 757 1620 ΒΙΒΛΙΟΝ
802 1527 856 1618 Ζ.

374 1758 932 1794 »ψη-...ω

106 1963 432 2054 ἨΡΕΜΟΥΣΗΣ
460 1976 494 2050 δὲ
516 1994 571 2062 τῆς
588 1981 763 2066 Γαλατίας,
785 1981 826 2060 εἰς
844 1985 901 2056 τὴν
927 1967 1053 2049 Ιταλίαν
1075 1988 1090 2048 ὁ
1110 1982 1193 2051 Καῒ-
1284 1964 1286 1973 ί

121 2117 194 2186 σαρ,
211 2090 297 2161 κατὰ
316 2090 532 2185 καὶπρότερον
551 2082 712 2172 διενοεῖτο,
726 2088 882 2181 ἐπορεύθη·
907 2088 958 2156 καὶ
982 2088 1113 2155 ἐνταῦθα
1137 2091 1191 2182 μὲν

122 2199 171 2264 τὸν
190 2190 351 2267 Κλαύδιον
370 2197 546 2288 φονευθῆναι
569 2199 655 2291 έγνω·
678 2198 734 2269 τὴν
755 2186 790 2260 δὲ
817 2194 974 2290 γερουσίαν
1003 2193 1193 2286 ψηφίσασθαι

122 2304 239 2394 μαθὼν,
256 2305 377 2382 πάντας
394 2305 465 2382 τοὺς
485 2314 541 2382 τῆς
557 2287 681 2380 Ῐταλίας
701 2304 784 2378 νέους
804 2303 998 2393 συνομνιίειν,
1016 2305 1192 2397 καταλογλν

121 2422 301 2502 ςρατιωτῶν
323 2408 382 2477 ἀνὰ
400 2415 501 2478 πᾶσαν
521 2413 577 2485 τὴν
596 2407 744 2501 ἐπαρχίαν
760 2409 838 2501 ἔγνω
856 2408 1016 2474 ποιεῖσθαι·
1036 2408 1105 2501 περὶ
1123 2411 1193 2476 τοθ-

121 2541 178 2581 των
199 2508 229 2583 δ’
243 2518 329 2603 εὐθὺς
351 2517 390 2595 είς
410 2520 465 2590 τὴν
492 2518 587 2609 πέραν
612 2525 674 2583 τῶν
703 2503 833 2581 Ᾱλπέων
858 2514 1015 2584 Γαλατίαν
1042 2515 1190 2610 ἄγγελιῶν

121 2622 282 2709 ε’λθουσῶν,
294 2628 398 2701 αὐτοῖς
417 2626 523 2691 ἐκεῖνοι
542 2622 813 2714 προσπλάττουσι,
829 2621 881 2687 καὶ
902 2618 923 2686 ἃ
939 2612 1039 2687 ἐδόκει
1061 2646 1191 2715 πρυσαι-
1221 2648 1225 2655 ·

121 2736 178 2795 τεῒν
197 2732 235 2798 τὸ
250 2736 397 2825 πρᾶγμα,
415 2728 621 2823 προστιθέασι·
641 2727 825 2819 κατέχεσθαι
843 2718 989 2800 δηλονότι
1006 2729 1037 2792 ἐν
1056 2738 1096 2821 τῇ
1116 2711 1192 2793 Ῐτα-

120 2832 169 2921 λίορ
188 2838 241 2912 τὸν
266 2837 411 2929 Καίσαρα
433 2838 492 2904 ὑπὸ
514 2845 570 2902 τοῦ
596 2836 625 2899 ἐν
652 2844 691 2927 τῇ
713 2817 807 2926 ῥώμῃ
833 2827 981 2926 θοριίθου,
999 2832 1050 2900 ιιαὶ
1072 2823 1190 2925 μὴδύ-

122 2942 242 3027 νασθαι,
259 2943 419 3011 τοσοιίτιυν
443 2946 538 3009 οὐσῶν
556 2940 764 3023 ἐκεῖςοίσεων,
782 2939 857 3031 πρὸς
872 2941 927 3012 τὴν
944 2938 1074 3031 ςρατιδιν
1093 2964 1194 3033 παρα-

123 3048 265 3139 γένεσθαι·
282 3061 322 3143 τῆ
334 3040 438 3117 ἐλπίδι
449 3049 503 3140 μὲν
519 3046 569 3115 οὖν
585 3050 684 3141 ταύτῃ
699 3046 727 3113 οἱ
742 3044 875 3129 Γοίλλοι,
889 3046 948 3112 ὑπὸ
962 3052 1027 3123 τοῖς
1040 3031 1193 3137 Ῥωμαίοις

123 3154 256 3245 γένεσθαι
276 3159 356 3247 σφοῖς
381 3157 528 3247 πρότερον
551 3150 713 3245 θαρύτατα
735 3152 891 3244 φέροντες,
910 3152 984 3218 τότε
1010 3154 1192 3245 έπρρμένοι,

61 3258 62 3261 ’
124 3259 351 3354 ἐλευθερώτερον
368 3252 449 3339 ἤδη,
468 3260 520 3328 καὶ
540 3260 766 3353 τολμηρότερον
786 3257 854 3352 περὶ
872 3267 929 3324 τοῦ
947 3259 1082 3349 πολέμου
1102 3252 1192 3325 ἔθου·

122 3367 256 3435 λεύοντο·
272 3370 378 3458 ἀμέλει
400 3358 546 3445 συνόδους
563 3366 629 3434 καθ’
644 3370 771 3455 ἑαυτοὺς
790 3364 818 3431 οἱ
836 3374 892 3441 τῆς
905 3362 1060 3441 Γαλατίας
1079 3360 1192 3456 ἄρχον-

124 3494 172 3548 τες
191 3474 405 3565 προειπόντες,
421 3477 450 3539 έν
469 3465 600 3541 θλέιδεσι
626 3473 677 3539 καὶ
699 3470 833 3565 κρυφίοις
852 3471 959 3548 τόποις
984 3471 1022 3536 τὸ
1047 3479 1104 3538 τοῦ
1125 3451 1192 3537 Kx·

126 3598 216 3655 κωνος
239 3581 479 3672 οἱνολοφιίρονται
502 3580 615 3660 πάθος,
629 3580 727 3646 ταυτὸ
751 3575 835 3668 σφίσι
856 3580 959 3654 αὐτοῖς
974 3576 1193 3668 ἐπικρέμασθαι

124 3673 260 3751 κίνδυνον
277 3678 494 3763 διδάσκοντεςῗ
507 3678 560 3753 καί
580 3688 636 3759 τὴν
658 3687 759 3758 κυινιλν
784 3685 946 3775 συμπάσης
962 3692 1017 3760 τῆς
1037 3680 1194 3759 Γαλατίας

126 3781 333 3884 ἀποδύρονται
354 3788 519 3885 ξυμφοράν·
540 3791 653 3869 ποίσαις
671 3782 700 3856 δ’
714 3792 914 3881 ὑποσχέσεσι,
926 3788 978 3855 καὶ
996 3787 1081 3882 παίσῃ
1101 3790 1193 3881 τέχνῃ

127 3893 195 3971 τοὺς
210 3908 266 3964 τοῦ
279 3900 414 3992 πολέμου
424 3892 604 3993 ἀρξομένους
619 3891 788 3975 ἐκζητοῦσι·
803 3897 854 3962 καὶ
867 3897 941 3987 ὑπὲρ
955 3905 1011 3972 τῆς
1024 3895 1124 3971 πάσης
1137 3904 1194 3971 τῆς

128 3996 280 4081 Γαλατίας
294 4006 459 4096 ἐλευθερίας
478 4008 534 4079 τὴν
555 4012 637 4088 σφῶν
659 3998 737 4083 ζωὴν
757 3993 1071 4079 διακινδυνεύσοντας·
1091 4003 1195 4085 τούτῳ

128 4090 161 4167 δὲ
179 4106 302 4176 πάντων
321 4112 441 4205 μοίλιςα
460 4112 644 4203 προνοητέον
667 4094 895 4202 εἶναι’έλεγον,
913 4108 981 4201 πρὶν
1006 4106 1025 4182 ἢ
1051 4105 1093 4175 τὰ
1112 4118 1194 4198 σφῶν

939 4227 1012 4309 31⁴
