3000 5025
335 484 408 559 252
548 490 576 556 J.
607 486 764 557 CELSI
792 484 1192 554 COMMENTARII

331 625 537 715 unguentati
552 619 636 688 bene
645 633 794 714 possunt
812 633 847 685 et
857 640 1022 713 pugnare
1036 632 1074 685 et
1084 622 1242 702 vincere5
1260 614 1403 712 illudque

330 728 377 795 eis
398 727 629 821 permittebat,
646 739 686 793 ut
707 748 790 793 auro
819 738 854 792 ct
882 737 1022 818 argento
1044 738 1265 809 ornarentur3
1280 748 1345 817 quo
1367 722 1403 793 et

330 849 467 927 aspectu
483 831 654 927 pulchrior
672 845 759 900 esset
777 832 960 918 exercitus,
981 843 1016 897 et
1033 831 1148 898 virtuti
1166 832 1272 899 insitae
1292 829 1400 902 damni

330 954 438 1010 metus
456 938 645 1024 accederet,
667 952 701 1006 et
722 951 809 1007 esset
826 938 966 1031 quisque
979 935 1027 1003 'ad
1044 935 1263 1030 pugnandum
1275 938 1400 1025 acuar,

327 1044 408 1113 dum
420 1060 454 1114 et
465 1047 554 1114 vinci
566 1048 721 1121 timerent
733 1058 767 1113 et
781 1043 924 1138 spoliari.
940 1044 1058 1136 Neque
1072 1067 1128 1111 eos
1143 1041 1327 1135 alloquens,
1341 1050 1397 1113 mt'·

328 1152 405 1220 lites
423 1152 655 1246 nuncupabat,
674 1150 732 1219 sed
752 1152 999 1219 commilitones
1025 1174 1119 1233 suos;
1138 1172 1247 1242 neque
1273 1174 1347 1238 eos,
1364 1164 1400 1218 ut

327 1257 462 1346 milites,
482 1258 540 1327 sed
559 1272 597 1329 ut
614 1260 737 1327 amicos
756 1258 944 1349 carissimos
962 1254 1140 1349 diligebat3
1155 1257 1189 1323 in
1203 1269 1335 1325 tantum
1348 1270 1399 1343 ut,

326 1366 460 1459 cognita
475 1364 564 1435 caede
574 1366 693 1445 Titurii
709 1378 743 1432 et
756 1362 989 1448 Aurunculcii,
1002 1361 1044 1431 de
1058 1362 1178 1455 quibus
1195 1387 1297 1456 supra
1313 1362 1399 1431 dixi·-

326 1494 418 1559 mus,
440 1472 546 1539 barba
570 1485 604 1539 et
627 1468 745 1566 capillo
773 1472 924 1538 intonsus
952 1482 1051 1562 atque
1079 1468 1223 1538 incultus
1252 1469 1398 1537 tamdiu

324 1575 443 1665 fuerit,
463 1578 569 1647 donec
597 1579 632 1645 in
660 1577 774 1646 hostes
799 1574 1041 1645 ulcisceretur:
1063 1576 1184 1668 quibus
1213 1575 1342 1644 artibus
1366 1591 1398 1645 et

323 1682 521 1755 fortissimos
543 1683 663 1753 milites
684 1696 718 1751 et
740 1683 802 1752 sibi
824 1682 1000 1751 fidissimos
1021 1680 1114 1769 fecit,
1129 1706 1234 1776 usquc
1254 1682 1340 1751 adeo
1363 1697 1398 1751 ut

322 1789 357 1857 in
383 1792 455 1885 ipso
483 1792 649 1885 principio
676 1789 782 1885 civilis
808 1787 905 1876 belli,
926 1813 1030 1882 quum
1058 1790 1210 1881 apatria
1238 1789 1400 1882 stipendia

322 1912 539 1991 negarentur,
557 1922 664 1991 neque
684 1895 729 1964 ad
748 1910 876 1964 tantm
902 1920 973 1963 rem
1001 1918 1088 1963 unus
1112 1896 1183 1987 ipse
1212 1894 1396 1983 sufficeret,

322 2006 532 2072 centuriones
551 2002 731 2097 legionum·
744 2001 892 2095 singulos
914 2001 1050 2094 equites¹
1066 2000 1129 2069 sibi
1152 2000 1314 2069 offerrent
1341 2026 1396 2073 sua

321 2108 489 2201 impensa,
511 2124 544 2177 et
571 2134 687 2177 omnes
717 2107 863 2203 pedites,
886 2109 1140 2177 communicatis
1167 2108 1346 2196 omnibus,
1365 2123 1396 2177 et

320 2212 495 2284 ditioribus
517 2215 701 2309 quibusque
728 2213 818 2282 ultro
838 2215 977 2307 inopum
1004 2238 1121 2282 curam
1141 2214 1230 2283 inse
1251 2215 1364 2284 transf
1378 2254 1395 2267 -

319 2321 486 2411 rentibus,
509 2323 689 2415 gratuitum
709 2319 757 2388 illi
778 2322 849 2389 sine
871 2319 1038 2415 stipendio
1063 2345 1103 2389 ac
1124 2319 1294 2389 frumento
1320 2320 1393 2415 pol·

318 2422 499 2495 licerentur
525 2427 738 2522 obsequium,
758 2452 867 2522 neque
894 2430 930 2495 in
955 2440 1025 2495 tem
1051 2425 1153 2522 longo
1183 2424 1261 2495 belli
1289 2430 1394 2523 spatio

315 2534 489 2628 quisquam
509 2534 579 2603 lere
598 2535 794 2628 transfugit,
808 2550 842 2603 et
855 2536 945 2630 capti
956 2534 1057 2628 aliqui
1075 2558 1230 2621 suorum,
1247 2533 1393 2604 oblatam

316 2639 377 2708 sibi
397 2642 519 2729 vitam,
540 2643 567 2710 si
588 2655 704 2710 contra
721 2643 889 2711 Caesarem
911 2641 1107 2728 militarent,
1126 2643 1392 2711 constantissime

313 2741 523 2842 respuerunt.
553 2746 777 2818 Difficultates
809 2773 923 2816 rerum
952 2749 1124 2834 omnium,
1145 2761 1179 2815 et
1208 2762 1391 2818 extremam

314 2850 457 2942 famem,
478 2853 532 2922 vel
554 2854 634 2924 dum
650 2853 883 2923 obsiderentur
901 2855 944 2923 ab
966 2854 1135 2941 hostibus,
1156 2852 1210 2920 vel
1228 2853 1312 2923 dum
1332 2857 1390 2949 ipsi

315 2956 387 3028 illos
410 2960 617 3047 obsiderent,
639 2974 732 3028 tanta
753 2959 923 3054 pertulere
946 2961 1154 3047 constantia,
1174 2974 1212 3027 ut
1229 2960 1273 3029 ad
1298 2963 1390 3030 Dur-

314 3065 482 3152 rachium,
502 3091 588 3161 pane
613 3089 654 3134 ex
678 3066 792 3136 herbis
811 3066 918 3155 facto,
939 3068 1045 3138 vitam
1066 3079 1310 3136 sustentarent:
1326 3093 1390 3162 quo

314 3187 514 3267 conspecto,
532 3174 710 3266 Pompeius
727 3197 798 3242 rem
817 3173 973 3244 sibinen
994 3197 1071 3242 cum
1091 3172 1308 3261 hominbus,
1332 3173 1393 3243 sed

312 3279 495 3370 curtiferis
523 3278 757 3350 animantibus
788 3302 879 3365 esse,
900 3281 966 3366 ait,
984 3279 1148 3372 abjicique
1173 3304 1250 3350 eum
1269 3282 1388 3372 jussit,

312 3406 356 3451 ne
374 3385 464 3454 visus
482 3385 609 3454 animos
628 3409 765 3456 suorum
783 3383 988 3470 debilitaret,
1007 3385 1229 3454 obstinatione
1241 3387 1387 3456 bostium

312 3489 488 3560 intellecta.
509 3491 683 3560 Fortitudo
703 3515 836 3584 quoque
857 3517 926 3560 non
947 3491 1085 3560 inferior
1103 3516 1205 3586 quam
1228 3495 1388 3586 patientia

311 3593 375 3664 illis
397 3612 489 3684 erat3
511 3599 592 3666 victi
618 3597 719 3666 semel
750 3595 814 3666 illis
840 3598 875 3667 in
901 3597 984 3667 locis
1006 3611 1077 3668 tam
1097 3599 1207 3668 moesti
1232 3597 1386 3685 fuerunt,

198 3721 206 3740 ’
312 3715 388 3772 uta
410 3706 592 3798 semetipsis
619 3701 821 3796 supplicium
847 3706 1034 3799 exigentes,
1053 3703 1216 3774 consolari
1236 3730 1294 3774 eos
1321 3705 1386 3774 dux

312 3807 488 3898 hebuerit,
506 3835 574 3882 non
592 3811 719 3904 punire.
743 3808 823 3881 Aliis
846 3812 1002 3880 omnibus
1021 3812 1055 3879 in
1076 3809 1214 3905 praeliis,
1235 3813 1384 3906 ingentes

311 3913 458 3988 hostiurn
482 3917 645 3990 exercitus
667 3940 797 4011 semper
815 3915 914 4011 longe
934 3927 1074 3986 numero
1094 3919 1268 4012 pauciores
1291 3920 1383 3986 vioe·

312 4035 391 4089 runt
422 4038 521 4117 atque
551 4022 763 4111 deleverunt3
785 4038 819 4092 et
846 4023 969 4116 ibidem
1000 4048 1067 4093 una
1095 4024 1218 4093 cohors
1245 4024 1384 4093 Caesaris

312 4142 454 4225 quatuor
472 4132 690 4230 Pompeianas
710 4129 857 4230 legiones
879 4129 1007 4229 aliquot
1022 4131 1187 4230 horarum
1208 4131 1317 4226 spatio
1339 4129 1383 4200 sic
