3000 5025
316 434 1002 509 111111111111111111111.
1145 440 1195 549 as
1248 526 1251 534 ,

110 568 317 655 1111111111;
342 570 457 637 statim
475 570 554 662 quia
571 592 701 638 moram
723 571 902 641 necessitas
921 571 1039 642 ultima
1057 598 1126 643 non
1148 558 1196 647 fe·

69 730 72 735 .
110 674 214 763 rebat,
230 700 298 769 per
314 676 444 745 inedias
462 676 697 763 tenebras,his
708 676 920 771 eisdem,qui
933 679 977 749 ab
995 682 1086 751 Iccio
1103 685 1195 753 missi

102 796 217 868 «erant,
231 782 399 871 ducibus,
418 782 584 853 Numidas
603 785 716 853 Caesar
736 798 772 852 et
789 785 968 854 Cretenses
985 789 1195 883 sagittarios,

105 901 141 954 11
152 888 355 959 fundatores
366 890 555 960 Balearicos
569 892 657 959 intra
670 889 834 985 oppidum
844 889 1038 977 destinavit;
1049 920 1195 989 quorum

24 986 25 989 ¹
113 994 273 1066 adventus
296 995 477 1092 oppidanis
497 1021 590 1091 spem
618 994 821 1067 defensionis
848 997 976 1085 attulit,
1001 1000 1112 1097 Belgis
1137 1028 1193 1074 cx-

113 1105 329 1197 pugnationis
352 1103 499 1171 abstulit.
529 1106 639 1173 Mane
654 1105 775 1198 igitur,
801 1107 890 1199 agris
912 1106 1004 1174 circa
1030 1108 1192 1201 oppidum

112 1211 263 1299 vastatis,
283 1211 547 1305 atque·incensis
561 1209 726 1297 aedificiis,
740 1194 992 1307 oppugnatione
1005 1215 1144 1302 omissa,
1157 1219 1192 1286 in

114 1316 278 1385 Cesarem
296 1330 369 1385 tota
387 1314 465 1385 belli
489 1315 577 1387 mole
595 1330 783 1388 vertuntur.
800 1320 941 1412 Jamque
964 1317 1007 1387 ad
1031 1318 1100 1389 duo
1117 1322 1191 1391 mil·

24 1432 28 1445 '
113 1420 154 1489 lia
173 1447 338 1518 passuum
353 1423 451 1517 juxta
468 1437 580 1511 erant,
605 1448 750 1517 quorum
778 1438 888 1493 castra
912 1424 1090 1519 plusquam
1114 1443 1191 1499 octo

23 1588 24 1593 ,
113 1528 212 1599 millia
242 1530 478 1625 occupabant,
503 1544 667 1624 quantum
697 1555 716 1599 e
741 1529 885 1599 flammis
909 1530 1070 1626 firmoque
1086 1534 1190 1611 ,intel-

111 1633 211 1729 ligere
232 1652 317 1705 erat.
337 1639 456 1732 Itaque
475 1639 604 1723 Caesar,
624 1650 659 1704 et
675 1660 817 1705 numero
836 1652 968 1726 motus,
990 1652 1027 1707 ut
1048 1638 1135 1728 dixi,
1157 1657 1192 1711 et

111 1740 197 1811 fama
207 1745 345 1813 virtutis
361 1742 459 1812 simul
469 1768 508 1813 ac
517 1743 818 1839 magnanimitatis,
835 1758 869 1813 et
886 1743 1024 1813 differre
1038 1745 1190 1840 praelium

111 1848 275 1939 decrevit,
294 1864 328 1919 et
348 1849 489 1919 assiduis
512 1850 747 1943 congressibus
768 1850 851 1943 quid
873 1850 1027 1921 hostibus
1048 1854 1191 1940 virium,

107 1957 188 2049 quid
202 1962 273 2027 suis
287 1960 478 2027 animorum
491 1971 594 2045 esset,
610 1958 765 2052 experiri.
779 1960 960 2051 Postquam
974 1958 1107 2029 abunde
1119 1986 1190 2031 esse

111 2065 303 2159 perpendit,
325 2066 442 2133 statuit
464 2065 634 2133 fortunam
659 2062 765 2159 praelii
788 2078 939 2152 tentare3
961 2066 1051 2135 fossa
1076 2080 1190 2137 tamen

111 2172 356 2260 circumducta,
374 2196 417 2240 ne
440 2171 525 2241 forte
543 2194 598 2259 ea,
615 2194 718 2265 quarn
739 2170 843 2246 solam
861 2171 1054 2261 verebatur,
1076 2174 1188 2249 multi·

111 2276 224 2361 tudine
243 2280 380 2348 circuiri
403 2280 528 2373 quiret,
547 2302 609 2347 nec
628 2279 692 2347 nisi
716 2279 751 2345 in
770 2277 890 2347 faciem
911 2292 1136 2374 pugnaretur3
1155 2297 1189 2351 11

111 2383 189 2453 duas
222 2385 360 2481 quidem
394 2384 539 2480 legiones
570 2385 774 2478 nuperrime⁴
795 2386 957 2477 scriptas,
987 2400 1026 2455 ut
1065 2388 1188 2480 quibus

109 2491 258 2563 nondum
277 2494 423 2588 expertis
441 2495 476 2562 in
498 2493 569 2561 acie
588 2490 674 2562 forte
692 2517 762 2560 non
780 2490 921 2581 fideret,
939 2491 982 2561 ad
1000 2508 1187 2564 castrorum

111 2603 219 2694 posuit
237 2601 394 2684 tutelam;
418 2614 456 2668 ut
480 2615 593 2668 tamen
616 2601 643 2667 si
669 2623 722 2666 res
748 2613 917 2692 posceret,
938 2599 1063 2669 auxilio
1086 2625 1187 2696 egen·

111 2706 196 2776 tibus
215 2708 462 2777 subvenirent:
489 2708 559 2801 ipse
583 2731 661 2774 eum
687 2702 824 2798 reliquis
847 2704 953 2798 copiis
977 2719 1054 2774 ante
1078 2723 1187 2785 castra

112 2816 213 2882 aciem
231 2816 390 2884 ,instruit
420 2813 515 2882 Idem
541 2813 655 2881 hostes
682 2809 725 2878 ab
758 2810 917 2886 adverso,
927 2810 998 2902 jam
1027 2810 1186 2908 fecerant,

113 2921 224 2988 Unum
242 2936 316 2990 erat
335 2918 426 3014 quod
445 2918 597 3014 praelium
623 2931 826 3004 moraretur,
844 2916 937 3012 quod
954 2915 1082 2986 scilicet
1099 2920 1187 2990 inter

114 3025 191 3096 duos
209 3029 377 3098 exercitus
395 3029 515 3121 exigua
532 3025 628 3120 palus
646 3037 734 3108 erat;
757 3024 845 3093 hanc
868 3039 906 3093 ut
927 3025 1040 3094 hostes
1064 3030 1186 3098 transi-

114 3149 202 3223 rent,
220 3149 363 3228 utraque
381 3135 528 3228 partium
540 3129 807 3226 expectabat,ut
825 3133 920 3225 prius
938 3132 1105 3226 ingressos
1122 3136 1185 3204 ini·

116 3243 183 3334 quis
201 3241 284 3311 locis
302 3239 509 3310 invaderent.
535 3237 600 3308 Sed
626 3237 717 3332 quod
744 3252 888 3331 utraque
909 3262 987 3333 pars
1016 3241 1186 3334 sperabat,

22 3343 24 3412 Ξ
117 3361 250 3442 utraque
279 3347 479 3435 differebat,
507 3371 575 3440 quo
597 3345 767 3414 temeritas
785 3345 879 3439 prius
899 3345 943 3415 ab
964 3344 1117 3416 hostibus
1136 3350 1185 3416 in·

22 3469 23 3540 ᾗ
118 3454 249 3547 ciperet,
263 3478 369 3550 quum
382 3468 494 3524 tamen
509 3455 636 3522 interea
649 3452 778 3544 equites
792 3453 941 3532 invicem,
948 3453 1186 3541 miscerentur,

22 3627 23 3640 ,
120 3577 258 3657 essetque
283 3561 341 3632 illo
371 3562 406 3629 in
434 3584 615 3655 congressu
644 3559 799 3653 superior
820 3560 987 3652 equitatus
1011 3582 1186 3649 romanus,

120 3689 206 3759 quem
228 3671 342 3739 Caesar
362 3669 398 3736 in
420 3680 528 3737 castra
549 3665 664 3762 praelio
686 3664 1082 3760 prosperiorereducere
1105 3691 1184 3736 con·

121 3786 217 3846 tentus
243 3777 316 3846 fuit.
346 3777 468 3844 Hostes
497 3773 556 3842 ubi
580 3770 814 3842 intellexerunt
841 3772 966 3841 frustra
995 3796 1030 3842 se
1055 3771 1186 3868 paludis

120 3886 281 3953 transitum
302 3895 513 3976 exspectare,
532 3879 657 3948 llumen
674 3877 798 3948 vadare
812 3881 877 3947 nisi
890 3892 985 3965 sunt,
996 3892 1055 3967 ut,
1072 3882 1099 3950 si
1116 3907 1191 3976 pos-

117 4005 192 4081 sent,
217 3988 395 4062 castellum
417 4013 438 4056 a
459 3989 590 4056 Titurio
614 3989 778 4060 insessum
795 4000 969 4080 caperent,
985 3978 1189 4083 pontemque

114 4099 360 4202 confringerent
373 4122 383 4182 ς
398 4097 449 4167 sin
470 4097 600 4181 minus,
616 4095 726 4164 vicina
744 4116 828 4164 arva
842 4091 1012 4166 rasuoem
1029 4096 1189 4170 Romanis
