3000 5025
109 622 203 719 ῖρερον
215 623 267 692 καὶ
277 622 364 720 ἦχον.
380 624 420 689 Οἱ
436 624 490 716 μὲν
504 620 555 690 οὖν
572 609 698 703 Εδουεῖς
711 627 837 703 ἑαυτούς
853 651 886 691 τε
901 626 952 693 καὶ
967 625 1009 693 τὰ
1022 635 1104 718 σφῶν
1120 630 1175 698 ἀπ’
1250 688 1251 697 ,

108 735 201 798 αὐτῶν
217 724 374 809 διασώζειν
389 733 431 822 μὴ
449 721 643 812 δυνηθέντες,
654 725 795 824 πρίσύεις
808 740 855 819 τῷ
869 730 1002 826 Καίσαρι
1017 730 1174 828 ἔπεμψαν,

109 827 239 929 δεόμενοι
261 836 448 929 συμμαχίας·
467 845 603 905 τοιοῦτοι
622 828 675 903 διά
692 839 809 915 παντὸς
827 836 895 931 περὶ
927 840 998 916 τοὺς
1016 824 1176 934 Ῥωμαίους

108 944 236 1036 γενέσθαι
269 934 484 1027 διδάσκοντες,
510 946 571 1019 ὥςε
590 934 697 1010 ἀδικον
715 939 790 1011 εἶναι
812 948 884 1021 τούς
903 970 937 1011 τε
963 953 1045 1035 σφῶν
1066 948 1175 1042 ἀγροὺς

109 1048 294 1142 πορθεῖσθαι,
314 1048 461 1127 καὶτοὺς
489 1040 604 1126 παῖδας
630 1040 923 1143 ἀνδραποδίζεσθαι,
949 1058 1006 1129 τάς
1028 1079 1066 1119 ,τε
1092 1064 1175 1145 σφῶν

110 1155 203 1233 πύλεις
223 1156 398 1233 ἀναςοίτους
417 1153 633 1251 χίνεσθαι,καὶ
652 1164 756 1222 ταῦτα
769 1155 809 1233 εἰς
824 1152 892 1247 ὄψιν
906 1149 1017 1249 σχεδὸν
1037 1170 1094 1227 τοῦ
1112 1173 1173 1231 τῶν

108 1244 248 1354 Ῥωμαίων
267 1272 387 1355 ςρατοῢ
403 1261 547 1356 γίνεσθαι.
561 1247 605 1327 Εν
617 1262 723 1350 τάυτῷ
738 1254 774 1329 δὲ
786 1262 838 1329 καὶ
849 1263 878 1329 οἱ
890 1252 1070 1357 Ᾰμύάῤῥοι,
1084 1267 1177 1363 ἀναμ.

108 1367 181 1435 καῖοί
197 1394 232 1436 τε
252 1368 304 1435 καὶ
322 1374 472 1464 συγγενεῖς
490 1376 552 1435 τῶν
580 1354 738 1452 Εδουίων,
763 1370 838 1463 πρὸς
863 1371 917 1437 τὸν
943 1369 1088 1463 Καίσαρα
1112 1366 1176 1461 δια

108 1476 267 1568 φυγόντες,
286 1465 449 1543 ἐδίδασκον
475 1479 515 1552 ὡς
534 1478 569 1541 ού
588 1464 754 1561 δύναιντο,
773 1475 825 1543 καὶ
844 1467 1032 1549 δηίωθέντων
1057 1505 1091 1572 γε
1111 1490 1172 1546 τῶν

107 1578 211 1674 ἀγρῶν,
231 1572 343 1673 ῥᾳδίως
368 1583 441 1659 τοὺς
458 1580 620 1673 πολεμίους
639 1582 700 1649 ἀπὸ
720 1589 782 1649 τῶν
801 1582 918 1651 πολεων
938 1584 1177 1668 ἀποσοβεῖν·οῖ

108 1710 138 1751 τε
153 1676 369 1783 Ᾰλλύύροχες,
387 1688 416 1755 οἱ
434 1689 528 1782 πέραν
547 1698 603 1755 τοῦ
621 1672 761 1756 Ῥοδανοῦ
779 1692 885 1781 κώμας
903 1715 938 1757 τε
957 1689 1008 1757 καὶ
1026 1695 1176 1783 κτήματα

108 1792 241 1883 ἔχοντες,
265 1799 341 1887 πρὸς
366 1795 426 1861 τὸν.
448 1792 593 1889 Καίσαρα
622 1796 836 1889 ἀνεχώρησαν,
856 1800 947 1883 αύτὸν
973 1787 1173 1876 διδάσκοντες

108 1903 233 1976 ὡςπλήν
253 1910 311 1967 τοῦ
325 1892 463 1994 γηπέδου
482 1892 569 1969 οὐδὲν
589 1902 689 1992 σφίσιν
709 1899 787 1969 ἀλλο
801 1904 968 1969 ὑπολοιπον
985 1900 1032 1974 ἦν.
1043 1905 1174 1982 Τούτοις

108 2005 152 2096 μὲν
170 2004 222 2074 οὖν
248 2005 378 2085 πεισθεὶς
396 2015 461 2085 τοῖς
485 2007 588 2099 λόγοις
607 2013 623 2073 ὁ
642 2010 784 2101 Καῖσαρ,
804 2011 861 2075 οὐκ
877 2008 1080 2100 ἀναμενητίον
1100 2005 1174 2076 εἶναι

106 2103 197 2180 ἐδύιιει
225 2115 332 2200 αὐτῷ,
351 2100 407 2193 ἕιος
425 2112 460 2180 οὗ
479 2113 508 2181 οἱ
525 2099 675 2188 Ελύήτιοι
691 2112 800 2181 πάντα
817 2112 937 2192 τὰχτῶν
957 2120 1068 2182 ἑαυτοῦ
1095 2142 1173 2208 σομ·

106 2217 204 2311 μάχων
223 2223 373 2312 χρήματα
390 2214 652 2303 ἐξαναλώσαντες,
666 2220 707 2298 εἰς
723 2224 781 2294 τήν
799 2222 982 2295 Σαντονικὴν
1002 2219 1172 2312 ἀφίκοιντο.

150 2328 231 2394 XII.
250 2308 312 2403 Ιάςι
332 2319 368 2393 δέ
385 2352 433 2405 τις
458 2328 617 2418 ποταμὸς,
636 2308 750 2418 Ᾰραρις
769 2328 883 2419 ὄνομα,
902 2328 1099 2421 τοσαύτῃείς
1117 2330 1171 2395 τὸν

106 2414 233 2500 θοδανὸν
252 2432 422 2519 εἰσβαλλων
441 2432 588 2525 ἀτρεμίορ,
602 2436 664 2510 ὥςε
677 2436 833 2526 ’ὄποιιρεῖ,
852 2442 891 2526 τιρ
911 2430 979 2523 ὄψει
993 2425 1171 2528 μὴ’διακρί-

105 2538 206 2606 νεσθαι.
227 2542 347 2607 Τοῦτον
367 2541 395 2607 οἱ
416 2525 567 2613 Ελθήτιοι
593 2539 711 2616 πολλὰς
735 2531 862 2630 σχεδίας
889 2540 1036 2617 ἀλλήλαις
1055 2535 1172 2619 ἐπιζεύ-

105 2635 219 2730 ξαντες,
233 2637 396 2712 διέύαινον.
416 2645 532 2713 Μαθὼν
552 2637 587 2712 δὲ
606 2643 690 2738 παρὰ
707 2653 770 2712 τῶν
790 2647 995 2718 κατασκόπων
1015 2651 1031 2710 ὁ
1050 2648 1171 2740 Καῖσαρ

106 2747 154 2828 τὰς
172 2754 227 2843 μὲν
246 2760 326 2844 τρεῖς
340 2750 437 2844 φυλὰς
450 2760 511 2819 τῶν
526 2737 689 2824 Ελύητίων
703 2743 766 2824 ἤδη
781 2751 834 2818 τὸν
845 2751 994 2842 ποταμὸν
1010 2742 1172 2836 διαώῆναι,

107 2859 155 2929 τήν
170 2850 205 2926 δὲ
226 2857 386 2951 τιτιίρτηνΙ
402 2856 451 2924 ἐπὶ
469 2857 584 2950 θάτερα
598 2867 656 2925 τού
671 2866 816 2950 ποταμοῦ
833 2857 880 2922 ἔτι
893 2856 1059 2923 ὑπόλοιπον
1078 2853 1171 2942 εἶναι,

107 2962 176 3052 ἀμφὶ
186 2968 243 3039 τὴν
258 2964 367 3056 τρίτην
380 2966 517 3053 φυλακὴν
537 2965 590 3029 σὺν
608 2964 690 3056 τρισὶ
707 2963 847 3057 τοίχμασι
862 2961 962 3054 λάθρα
979 2972 1036 3028 τοῦ
1054 2989 1171 3054 ςρατο-

96 3061 192 3138 πέδου
211 3069 305 3164 ἄρας,
319 3070 370 3139 ἐπὶ
386 3071 459 3146 τοὺς
477 3071 562 3137 ούπω
580 3079 643 3136 τῶν
661 3057 823 3142 Ελύητίων
842 3069 895 3136 τὸν
915 3070 1056 3160 ποταμὸν
1071 3060 1174 3162 διαύε·

108 3167 233 3256 θηκότας
255 3181 392 3270 ὥρμησε,
410 3175 461 3248 καὶ
485 3178 607 3252 τούτοις
625 3167 871 3267 ἀπροσδοκήτοις
896 3199 931 3240 τε
950 3172 1000 3240 καὶ
1019 3174 1097 3266 ἀμφὶ
1115 3181 1171 3252 τὴν

108 3290 158 3345 τοῦ
174 3293 317 3375 ποταμοῦ
331 3273 474 3348 διάύασιν
490 3282 724 3374 ἀσχολουμένοις
742 3279 827 3372 ἀρνω
842 3280 1011 3362 ἐπιπεσὼν,
1023 3283 1174 3372 παμπολ-

52 3444 55 3452 .
107 3388 169 3464 λους
187 3392 288 3457 αὐτῶν
307 3391 492 3456 ἀπέκτεινεν·
508 3388 536 3454 οἱ
555 3378 591 3454 δὲ
607 3388 709 3455 λοιποὶ
728 3397 809 3482 φυγῇ
828 3386 877 3454 ἐπὶ
891 3385 933 3453 τὰ
947 3386 1075 3460 πλησίον
1090 3386 1171 3464 νιίπη

109 3480 297 3568 διεσώθησαν.
317 3499 406 3567 Αὕτη
423 3494 515 3586 μὲνὴ
534 3496 621 3583 φυλὴ4
632 3491 800 3588 Τυγουρίνη
821 3497 1009 3560 ἐπεκαλεῖτο·
1024 3494 1173 3587 τέτταρες

108 3594 159 3690 γὰρ
169 3601 260 3690 φυλαὶ
273 3608 336 3667 τῶν
345 3587 508 3675 Ελύητίιον
521 3590 693 3693 διῄρηνται·
707 3598 750 3666 ὧν
758 3603 837 3672 αὕτη
851 3599 928 3692 μόνη
940 3596 990 3665 ἐπὶ
1004 3606 1066 3665 τῶν
1081 3603 1174 3667 πατέ-

110 3727 160 3792 ρον
169 3701 447 3789 ἐξελθούσα,αύτύν
460 3731 496 3772 τε
504 3708 559 3774 τὸν
574 3709 692 3777 ύπατον
703 3709 834 3773 Λούκιον
850 3704 986 3771 Κάσσιον
1002 3705 1171 3792 ἀπέκτεινε,

108 3808 154 3874 καὶ
168 3818 227 3907 πεῖν
246 3815 284 3880 τὸ
302 3812 415 3882 ἐκείνου
440 3797 602 3905 ξράτευμα
620 3815 790 3894 νικήσασα,
812 3814 871 3879 ὑπὸ
891 3813 952 3904 τὸν,
969 3804 1056 3904 ζυγὸν
1077 3813 1172 3905 ἐπέμ-

109 3907 192 3999 ψατο.
203 3923 311 3997 Οὕτως
326 3915 377 3988 οὖν
390 3917 409 3993 ἢ
424 3923 458 3986 ίιι
471 3917 635 4010 συντυχίας
650 3919 746 4001 τινθς,
760 3919 780 3992 θ’
795 3919 825 3983 τ’
837 3915 887 3984 οὖν
903 3919 937 3983 ἐκ
949 3927 1006 3994 τῆς
1020 3926 1077 3984 τοῦ
1092 3917 1170 3986 θείου

106 4025 236 4114 Ἰθώμης,
256 4024 342 4094 οὗτοι
365 4032 427 4093 τῶν
455 4011 618 4098 Ελύητίων
637 4024 665 4091 οἱ
685 4027 755 4102 τοὺς
774 4009 932 4114 Ῥωμαίους
950 4023 1049 4090 πιθιαι
1068 4015 1173 4104 δεινῶς

108 4132 309 4215 κακώσαντες,
329 4132 404 4200 τότε
422 4141 485 4202 τῶν
505 4127 605 4200 ἄλλων
625 4130 745 4224 μάλιςιι
764 4122 852 4206 δίκας
871 4131 985 4198 ἔτισαν.
1004 4130 1087 4224 Πρὸς
1105 4134 1178 4201 τού-
