3000 5025
313 475 385 555 150
527 478 555 545 J.
586 468 741 543 CELSI
769 467 1162 539 COMMENTARII

307 609 472 701 (lantiam,
493 621 527 677 et
548 603 710 702 quidquid
725 605 761 672 in
777 600 899 671 talibus
919 602 1070 671 humano
1091 600 1389 692 mgeniocogitari

309 729 439 811 potest,
462 738 530 808 quo
559 738 627 782 non
654 708 875 807 presentibus
902 722 1055 796 tantum,
1079 705 1138 775 sed
1176 730 1388 799 quascunque

307 822 391 917 fingi,
409 835 560 916 possent,
579 817 734 915 periculis
746 815 914 905 obviaret,
935 829 1028 885 tanto
1050 812 1160 889 studio
1178 812 1388 901 maturabat,

308 944 347 997 ut
361 928 470 1024 legere
484 951 524 997 ea
539 926 591 996 vel
614 925 728 1003 audire
741 920 878 992 difficile
898 925 957 1007 sit,
975 947 1049 1018 quae
1066 921 1127 989 sibi
1142 919 1233 991 factu
1248 944 1387 1013 quoque

308 1049 430 1113 cuncta
451 1032 562 1105 facilia
587 1033 736 1109 victoriae
756 1031 924 1125 appetitus
948 1029 1001 1098 vel
1028 1028 1142 1122 gloriae
1165 1026 1317 1097 faciebat.
1340 1028 1389 1095 At

308 1140 482 1219 Gallorum
500 1140 633 1236 populi,
645 1163 783 1209 suorum
799 1137 908 1207 reditu
920 1135 1097 1224 admoniti,
1118 1159 1219 1228 quam
1236 1135 1270 1203 in
1289 1148 1389 1207 arcto

307 1248 350 1318 ad
371 1247 515 1325 Alesiam
535 1272 587 1320 res
606 1259 735 1334 essent,
751 1243 893 1320 concilio
913 1244 1099 1331 celebrato,
1110 1257 1145 1311 et
1156 1241 1278 1310 auditis
1291 1243 1388 1335 prin-

307 1356 421 1449 cipum
446 1356 635 1443 sentontiis,
662 1351 755 1429 nullo
776 1367 876 1448 pacto
898 1350 1134 1446 negligendum
1163 1348 1224 1440 sibi
1252 1363 1389 1423 matum

287 1502 291 1516 ·
308 1460 424 1535 Galliae
435 1460 620 1557 periculum
633 1473 852 1548 censuerunt,
862 1484 970 1553 neque
979 1473 1108 1541 tamen,
1123 1455 1214 1550 quod
1228 1455 1389 1535 obsessus

306 1570 448 1663 petierat
475 1570 676 1663 imperator,
702 1592 824 1661 cogere
851 1568 886 1636 in
916 1565 1039 1641 bellum
1063 1564 1262 1657 omnesqui
1290 1587 1391 1633 arma

307 1690 442 1770 possent
463 1690 618 1770 portare,
635 1700 676 1745 ne
707 1677 741 1749 in
763 1674 930 1745 inlinitum
952 1686 1132 1760 cresceret,
1160 1670 1218 1739 sed
1244 1669 1389 1764 singulis

307 1783 497 1877 civitatibus
525 1798 654 1857 certum
681 1806 860 1853 numerum
885 1780 1115 1851 decreverunt
1145 1780 1303 1871 longum
1334 1792 1391 1847 est

199 1900 203 1907 ‘
306 1887 434 1983 singula
453 1892 627 1983 prosequi,
645 1904 681 1957 et
696 1912 899 1983 quamquam
924 1889 1052 1957 notitiae
1075 1910 1190 1956 rerum
1216 1883 1301 1954 utile
1326 1883 1389 1956 ali·

306 1996 386 2089 quid
408 1995 565 2085 fortasse,
584 2021 652 2065 non
670 1998 780 2066 minus
803 2010 916 2065 tamen
940 1993 1109 2063 interdum
1135 1992 1226 2061 taedii
1248 1991 1388 2068 babitu·

305 2125 380 2171 rum
392 2127 402 2189 ;
413 2101 633 2196 quadraginta
650 2099 704 2174 vel
726 2102 860 2175 circiter
881 2102 1019 2177 nomina
1036 2101 1173 2185 urbium
1191 2112 1292 2171 suut:
1313 2098 1388 2172 bel·

305 2205 516 2303 latorumque
542 2234 583 2279 ex
605 2209 656 2277 his
683 2209 835 2302 equiturn
856 2223 951 2295 octo,
969 2208 1121 2302 peditum
1139 2204 1389 2285 veroducenta

304 2314 525 2408 quadraginta
546 2314 649 2405 millia
670 2314 806 2394 redacta
824 2316 965 2410 reperio.
990 2317 1077 2388 Cum
1100 2314 1164 2384 hac
1179 2326 1274 2381 tanta
1297 2312 1388 2384 mul·

304 2420 447 2489 titudine
466 2423 592 2491 recenti
613 2434 716 2516 atque
738 2422 888 2518 integra,
907 2421 1023 2511 decem
1049 2422 1196 2492 romanis
1215 2420 1291 2519 jam
1309 2422 1387 2494 vin·

196 2557 206 2564 ·
303 2526 410 2596 oendo
427 2527 521 2598 sessis
536 2525 741 2624 legiopibus,
754 2530 835 2624 ipsis
848 2529 997 2604 hostium
1014 2528 1200 2614 infinibus,
1212 2527 1389 2598 decertan-

302 2632 383 2703 dum
410 2648 500 2718 erat;
521 2648 556 2704 et
578 2635 649 2710 haeo
672 2649 995 2710 tantaarmatorum
1018 2634 1122 2704 moles
1141 2635 1290 2708 hostium
1312 2659 1387 2705 non

301 2737 379 2808 alibi
397 2764 500 2835 quarn
522 2744 557 2810 in
570 2740 707 2837 ⁴cecropis
722 2741 925 2830 AEduorum,
942 2757 1024 2810 tunc
1042 2742 1181 2814 Caesaris
1195 2744 1234 2827 ia
1253 2741 1387 2816 AEduos

302 2844 497 2934 tolerantia,
523 2847 754 2945 praefectisque
782 2848 899 2941 AEduis
924 2847 1152 2943 Eporedorige
1179 2847 1304 2923 scilicet
1340 2873 1386 2922 ac

299 2951 531 3042 Viridomaro,
554 2953 667 3030 addito
680 2957 837 3034 Commio
854 2953 1085 3043 atrebatensi,
1099 2956 1156 3049 qui
1172 2979 1290 3028 omncs
1304 2957 1384 3027 Coe‘

300 3060 380 3134 saris
399 3057 643 3140 familiarissimi
666 3060 816 3151 fuerant,
830 3061 988 3156 explicita.
1000 3076 1215 3134 memoratur.
1235 3061 1302 3130 Sed
1320 3087 1383 3136 aa·

243 3219 248 3225 -
298 3164 662 3262 cusantlactum,quia
674 3167 1383 3263 videlicettantumstudiumrecuperandae

297 3271 422 3341 bellicae
444 3270 575 3366 gloriae,
597 3287 631 3345 et
652 3276 749 3348 avitae
779 3274 944 3350 libertatis
969 3276 1169 3362 incesserat,
1199 3289 1238 3344 ut
1267 3301 1383 3369 neque

298 3377 531 3458 familiaritatis
548 3396 646 3476 atque
669 3382 819 3458 amicitiae
839 3381 963 3469 fraeno,
984 3406 1091 3476 neque
1112 3381 1181 3454 ulla
1197 3381 1381 3456 beneficio·

296 3509 374 3586 rum
393 3485 436 3557 ab
456 3484 570 3581 aliquo
587 3501 823 3584 perceptorum
848 3486 1051 3582 obligatione
1081 3503 1184 3584 atque
1212 3494 1380 3566 memoria

251 3665 256 3670 ,
296 3590 445 3672 cohiberi
457 3607 602 3688 possent.
619 3596 767 3688 Eratque
785 3595 912 3687 species
922 3595 1100 3695 impietatis
1112 3610 1213 3688 atque
1226 3596 1379 3689 perfidia

295 3699 440 3778 amicum
461 3723 578 3790 nome,
596 3699 658 3775 nisi
676 3699 733 3795 qui
758 3701 887 3774 animas
905 3717 939 3776 et
956 3702 1073 3796 patriae
1090 3727 1160 3781 suae
1174 3716 1274 3789 essen
1294 3703 1378 3776 huic

298 3802 458 3888 libertatis
468 3822 503 3878 et
511 3806 623 3902 gloriae
636 3805 746 3880 studio
759 3821 855 3883 unta
865 3809 974 3886 inerat
986 3807 1157 3897 alacritas,
1172 3823 1265 3880 tanta
1279 3833 1377 3904 spes,

294 3913 388 4006 quasi
404 3913 474 4011 jam
507 3915 677 4007 praesentis
711 3915 860 3990 victoriae
885 3917 1079 4010 anticipatio
1097 3918 1308 4005 animorum,
1336 3933 1376 3989 ut

294 4016 417 4097 nulllus
437 4033 523 4098 essct
539 4021 672 4115 opinio,
693 4023 865 4102 Romanos
888 4024 972 4094 tanti
1001 4025 1166 4092 exercitus
1189 4021 1375 4094 clamorem

293 4137 392 4222 atque
412 4143 648 4222 conspectum,
668 4153 711 4201 ne
734 4129 847 4204 dicam
866 4131 936 4204 vim
962 4144 1061 4224 atque
1082 4153 1178 4202 arma
1197 4153 1356 4225 passuros
1362 4156 1375 4221 ς
