3000 5025
276 474 369 573 'na
397 504 526 574 vira
554 504 701 572 sunu
730 476 975 574 unsaris.
1100 502 1171 577 165

107 634 199 729 phum
223 634 366 719 rediens,
389 632 552 704 victorem
574 636 756 713 exercitum
778 634 975 720 reduceret,
999 634 1090 728 quod
1113 636 1174 704 sibi

106 742 286 836 contingere
306 742 395 810 bello
411 741 552 810 durante
577 766 646 809 non
666 756 816 836 poterat,
837 740 1014 835 effecitque
1039 756 1172 836 sperato

31 902 33 941 ζ
106 872 226 941 quoque
244 847 374 919 facilius
387 847 476 941 quod
495 848 652 941 optabat:
666 873 744 916 nam
762 849 879 942 etipse
894 847 936 914 ad
950 846 1027 915 talia
1043 873 1175 943 semper

31 942 33 1063 ἑ
106 956 243 1023 omnium
268 953 539 1041 efficacissimus,
562 978 624 1022 nec
646 953 732 1023 bello
754 978 855 1049 quam
877 952 1088 1042 affabilitate,
1110 979 1173 1024 nec

31 1080 33 1163 p
105 1074 185 1127 netu
199 1085 300 1153 qnam
315 1060 493 1129 conciliatu
509 1061 683 1128 hominum
700 1061 825 1153 major:
840 1074 873 1128 et
886 1060 971 1129 fessa
989 1059 1082 1128 bellis
1098 1059 1175 1135 Gal·

31 1164 33 1203 i
106 1163 142 1233 lia
164 1169 432 1261 appetentissimo
459 1168 549 1261 pacis
571 1181 662 1255 erat3
683 1192 723 1236 eo
749 1190 883 1262 quoque
909 1168 1032 1261 magis,
1051 1191 1118 1259 quo
1140 1182 1176 1236 et

31 1296 32 1335 i
105 1270 161 1339 dux
190 1298 322 1367 semper
357 1289 477 1343 natura
502 1273 613 1357 mitis,
638 1298 728 1343 nunc
751 1275 961 1360 mitissimus,
978 1287 1012 1340 et
1036 1273 1175 1367 parendi

105 1378 284 1449 melioribus
299 1380 446 1451 conditio
471 1404 602 1473 semper
626 1379 826 1467 tolerabilis,
839 1404 930 1447 nunc
955 1378 1111 1473 optabilis
1134 1404 1174 1448 ac

106 1481 243 1555 libertate
275 1489 374 1555 anxia
403 1487 514 1581 potior
543 1485 727 1554 videbatur.
758 1487 835 1579 Ipse
865 1485 999 1579 quidem
1027 1486 1175 1554 hibernis

31 1596 33 1681 l
106 1594 214 1661 exactis
228 1592 322 1687 apud
338 1592 469 1687 Belgas,
488 1593 557 1686 jam
580 1592 779 1687 praesagiens
793 1591 889 1661 civile
903 1591 1046 1677 bellum,
1059 1594 1093 1659 in
1113 1595 1176 1661 Ita·

105 1694 170 1765 liam
196 1701 304 1787 venit,
323 1714 361 1767 ut
385 1724 501 1769 omnes
524 1700 624 1768 urbes
648 1698 832 1767 etlamosa
860 1700 984 1793 oppida
1008 1697 1175 1793 cisalpinae

106 1802 207 1874 Galliae
232 1806 490 1894 circumeunda,
508 1805 710 1901 populorum
737 1808 879 1902 gratiam
904 1807 965 1874 sihi
984 1805 1177 1876 conciliaret
1196 1858 1205 1869 .-

31 1906 34 1939 ''
104 1906 265 2004 aquibus
292 1913 446 1981 omnihus
475 1911 549 2007 plus
576 1936 676 2007 qnam
708 1913 857 1981 humano
887 1911 979 1981 cultu
1009 1937 1049 1981 ac
1076 1938 1175 1981 venc-

31 2006 33 2049 l
105 2018 221 2087 ratione
250 2035 443 2113 susceptus,
473 2044 587 2088 rursus
615 2018 857 2114 transalpinam
883 2021 916 2086 in
949 2017 1093 2087 Galliam
1124 2044 1173 2088 re·

106 2128 216 2193 meavit
243 2126 287 2193 ad
309 2128 509 2219 exercitum,
531 2150 709 2220 suspensus
736 2128 850 2194 animo
876 2139 975 2219 atque
997 2140 1176 2221 expectans

106 2230 173 2321 quid
191 2231 232 2299 de
256 2258 290 2300 se
311 2235 452 2302 Senatus
465 2247 499 2301 et
517 2231 706 2327 respublica
720 2232 931 2301 decrevisset.
951 2234 996 2299 Hi
1012 2247 1090 2300 sunt
1104 2234 1175 2325 qui·

106 2332 171 2405 dent
198 2337 384 2408 multorum
411 2364 577 2407 annorum
600 2341 740 2408 Caesaris
765 2337 895 2407 labores
918 2341 954 2409 in
977 2337 1101 2426 Gallia,
1123 2340 1176 2408 hae

106 2438 326 2534 difficultates,
341 2446 413 2514 haec
425 2444 590 2541 pericula,
608 2447 666 2514 uni
681 2456 805 2540 niagno
823 2446 965 2540 imperio
980 2443 1105 2513 nedum
1117 2447 1176 2514 uni
1226 2487 1230 2503 ·

106 2550 167 2618 viro
186 2551 294 2621 multa
312 2543 393 2622 vsatis
415 2567 448 2621 et
474 2555 611 2647 gratia:
635 2539 780 2646 quorum
798 2576 963 2620 summam
982 2550 1176 2646 complexus

106 2671 149 2724 est
163 2660 341 2728 Suetonius
360 2658 643 2754 Tranquillushis
661 2658 790 2744 uerbis,
814 2681 887 2750 quae
913 2659 1060 2724 inserere
1080 2657 1177 2749 juvat

107 2780 232 2858 propter
242 2768 399 2835 eximiam
413 2766 611 2835 brevitatem
625 2789 632 2832 τ
648 2767 779 2849 Gessit,
789 2765 914 2856 inquit,
925 2787 1044 2833 norem
1058 2769 1173 2850 annis,

107 2871 216 2962 quun
236 2879 274 2942 in
298 2873 543 2968 imperiofnit,
566 2871 733 2962 hoecfire
748 2893 910 2942 roronem
929 2870 1083 2938 Galliam
1097 2893 1178 2962 quae

108 2981 240 3048 usultu
268 2983 429 3048 Pirenoeo
457 2977 673 3073 Alpribusque
697 2977 733 3046 et
749 2992 865 3045 monte
891 2976 1077 3063 Gebennu,
1097 2973 1176 3066 slu-

31 3067 33 3094 ³
109 3085 243 3154 mitibus
258 3085 378 3155 theno
391 3109 436 3154 ac
449 3085 619 3154 Rhodano
639 3089 841 3170 continetur,
849 3098 1021 3180 patetque
1034 3088 1178 3150 circuitu

109 3187 153 3257 at
164 3189 214 3261 tu
234 3208 273 3260 et
293 3198 415 3261 trecies
431 3207 564 3260 centurn
587 3193 697 3262 millia
708 3214 898 3287 passuum,
913 3200 1048 3286 prseter
1062 3195 1178 3258 socius

109 3317 146 3363 ac
160 3290 386 3396 benemeritus
407 3287 578 3385 cz'ritutes,
598 3305 638 3366 in
645 3286 1008 3392 provincttefhrmam
1026 3295 1174 3389 redegit,

31 3399 33 3480 ἶ
109 3406 194 3496 etque
213 3411 251 3474 in
268 3405 424 3500 singulos
441 3429 554 3473 annos
569 3404 735 3499 stpnendii
748 3408 886 3474 nomine
904 3401 1178 3495 quadringinties

31 3535 33 3600 ᾗ
111 3506 268 3603 imposuit.
284 3515 481 3582 Germanos
500 3517 563 3606 qui
576 3526 674 3580 trarn
691 3510 846 3580 ‘libentem
860 3509 1030 3592 incolimt,
1041 3513 1178 3602 primus

110 3615 352 3705 Romanorum,
371 3633 485 3714 ponte
494 3617 688 3710 fabricato
707 3639 913 3712 aggressus,
937 3618 1100 3684 menimis
1125 3615 1180 3706 uf·

31 3755 33 3826 3
101 3720 186 3808 feeit
210 3721 377 3794 claudibus.
404 3717 602 3818 Aggresstn
620 3737 657 3791 et
678 3728 867 3792 Britannos
890 3727 1027 3814 ignotos
1043 3735 1152 3788 antea
1163 3773 1175 3806 ,
1232 3779 1239 3783 .

31 3855 33 3890 ÷
111 3826 360 3925 superatisque,
366 3821 589 3925 pecunius'et
604 3828 739 3898 obst'des
754 3832 942 3923 inperauit.
956 3829 1000 3895 Et
1015 3826 1087 3894 haec
1105 3824 1178 3915 ille,

112 3957 176 4026 quae
198 3961 259 4006 nos
291 3937 387 4006 latins
413 3938 448 4004 in
468 3937 613 4006 laetoriae
639 3937 782 4006 formam
811 3947 927 4003 nostro
949 3956 1044 4002 more
1071 3932 1178 4028 diges-

114 4063 212 4112 simus.
769 4058 773 4074 ⁷

159 4150 201 4218 Et
212 4173 305 4222 arma
319 4149 454 4245 quidem
470 4147 548 4222 tutti
566 4149 705 4222 Caesaris
725 4148 814 4218 clara
825 4134 1006 4235 hactenus,
1018 4144 1180 4242 gloriosa,
1231 4234 1233 4238 k

930 4263 995 4352 11⁸
