3000 5025
306 460 380 535 352
601 461 640 529 C.
668 460 813 527 JULll
846 456 1087 527 CAEsARIs

305 601 442 679 αόντων,
463 578 528 663 οίτε
546 592 645 678 Βοῖοι,
660 592 712 661 καί
730 595 759 663 οἱ
776 594 961 688 Τούλιγγοι,
983 593 1227 686 πεντακισχίλιοι
1245 595 1296 662 ἐπὶ
1313 602 1387 665 τοῖσι

303 715 366 774 τῶν
386 690 548 777 Ῐολύητίων
575 702 779 795 τεταγμένοι,
798 702 833 766 ἐκ
855 701 988 795 πλαγίου
1010 710 1127 794 γυμνοῦ
1146 708 1210 779 τοῖς
1233 686 1388 795 Ρωμαίοις

305 810 500 893 ἐπελθόντες,
512 810 726 901 περεειιύιιλουν
752 808 875 883 αὐτούς·
895 805 947 875 ιισιὶ
966 816 1062 875 τοῦτο
1080 807 1109 874 οἱ
1127 810 1157 875 ἐν
1175 820 1223 896 τῷ
1241 810 1306 904 ὄρει
1324 796 1387 879 ἐλ-

304 913 408 993 όάτιοι
429 906 628 1000 κατιδόντες,
647 908 680 992 ἐξ
705 914 802 1008 ἀρχῆς
829 912 922 981 ποθιιν
950 920 1015 991 τοῖς
1039 899 1193 1008 Ρωμαίοις
1211 918 1388 1003 ἐπέκειντο,

303 1025 356 1093 καὶ
374 1027 431 1098 τὴν
450 1024 552 1116 μάχην
572 1022 789 1089 ἀνενεώσαντο.
815 1020 857 1085 Οἱ
875 1011 911 1087 δέ
929 1005 1067 1113 Ρωμαῖοι
1086 1014 1160 1115 διχῇ
1182 1024 1313 1101 ἑαυτοὺς
1332 1036 1389 1092 τά·

303 1126 445 1220 ξάμενοι,
465 1130 594 1203 ἤλαυνον
618 1127 659 1205 εἰς
679 1127 800 1213 αὐτοὺς·
821 1125 874 1193 καί
891 1127 921 1194 οῖ
939 1126 993 1219 μέν
1021 1129 1125 1195 αὐτῶν
1151 1136 1218 1206 τοῖς
1239 1121 1304 1203 ἤδη
1330 1136 1387 1204 ἡτ·

302 1238 419 1312 τηθεῖσι
437 1246 499 1303 τῶν
525 1222 690 1308 Ελόητίιιν
710 1234 861 1325 ἀντεῖχον·
883 1234 913 1301 οἱ
932 1225 967 1301 δὲ
985 1236 1061 1328 πρὸς
1083 1235 1156 1312 τοὺς
1174 1235 1267 1313 νιωςὶ
1285 1237 1387 1305 ἐπιόν·

299 1371 357 1421 τοις
377 1342 542 1436 ἐμάχοντο.

355 1452 485 1519 XXVI.
506 1450 601 1514 Ούτω
621 1438 651 1514 δ’
667 1445 835 1539 ἰσορρόπως
854 1449 956 1513 αὐτῶν
979 1444 1030 1514 ἐπὶ
1052 1448 1251 1540 μακρότατον
1279 1450 1389 1545 ιῖγωνι·

301 1560 458 1650 σαμένων,
477 1557 566 1634 τέλος
585 1554 613 1622 οῖ
631 1539 784 1630 Ελόάτιοι,
801 1553 939 1645 ἀντέχειν
957 1555 1014 1620 ούιι
1030 1544 1236 1628 ἠδυνήθησαν·
1257 1557 1331 1623 ἀλλ’
1344 1561 1388 1625 aa

301 1665 352 1743 θθς
373 1664 401 1731 οἱ
420 1664 473 1755 μέν
498 1666 618 1745 αὐτῶν,
638 1659 748 1738 ὡςιιεοιὶ
766 1660 931 1752 πρότερον,
950 1657 1000 1726 ἐπὶ
1019 1660 1057 1727 τὸ
1086 1654 1221 1754 ὅρος,οέ
1248 1652 1285 1728 δέ
1312 1665 1388 1758 πρός

300 1798 335 1839 τε
354 1767 397 1836 τὰ
416 1770 543 1864 άρματα
567 1768 618 1835 καὶ
637 1766 680 1833 τέι
706 1766 877 1858 σκευοφόρα
894 1766 1101 1859 ἀνεχώρησαν·
1128 1758 1182 1835 διέι
1206 1768 1312 1847 πάσης
1332 1771 1386 1863 μὲν

299 1876 358 1973 γὰρ
378 1878 496 1953 ταύτης
521 1882 578 1952 τῆς
604 1872 728 1967 μάχης,
744 1872 852 1966 καίπερ
878 1873 967 1965 μέχρι
990 1862 1094 1951 δείλης
1112 1867 1146 1950 ἐξ
1172 1873 1295 1943 ἐωθινοιῖ
1321 1867 1386 1945 δἰσ·

298 1984 517 2079 γεγενημένης,
531 1971 631 2057 οὐδεὶς
650 1982 685 2045 ἐιο
701 1980 802 2046 νώτου
820 1969 895 2044 ἰδεῖν
915 1979 970 2046 τὸν
987 1981 1135 2072 πολέμιον
1151 1974 1302 2058 ἠδυνήθη.
1322 1968 1384 2051 Fae&

298 2090 377 2158 πολὺ
402 2081 438 2155 δέ
457 2086 508 2154 καὶ
530 2097 588 2163 τῆς
609 2086 718 2164 νυκτὸς
737 2086 766 2153 οἱ
784 2070 921 2177 Ρωμαῖοι
940 2084 990 2154 ἐπὶ
1016 2084 1059 2153 τὰ
1077 2089 1250 2183 σκευοφόρα
1272 2089 1383 2184 ἠγωνί-

299 2222 405 2263 σαντο·
427 2193 456 2261 οἱ
470 2193 524 2286 μὲν
538 2190 598 2287 γὰρ
613 2177 765 2265 mm·
779 2190 836 2258 εἴτε
854 2182 894 2265 δὴ
910 2191 1008 2285 ἔρυμά
1021 2217 1055 2259 τι
1068 2190 1110 2259 τὰ
1125 2194 1253 2288 ἅρματα
1268 2191 1383 2291 προέα·

294 2304 403 2379 λόντες
416 2352 426 2384 ,
441 2293 475 2377 ἐξ
492 2303 593 2365 αὐτῶν
608 2296 650 2375 είς
665 2300 737 2376 τοὺς
756 2297 899 2374 ἐπιόντας
913 2308 977 2365 τῶν
995 2284 1146 2392 Ρωμαίων
1163 2296 1318 2381 ἐτόξευον·
1333 2306 1384 2371 οιαὶ

299 2408 370 2477 ἐνιοί
383 2432 418 2503 γε
433 2409 534 2473 οιέτιῖνν
550 2396 666 2498 μεταξὺ
681 2412 743 2471 τῶν
763 2403 790 2470 θ’
805 2404 951 2497 ἁρμάτων
971 2405 1099 2474 καὶτῶν
1118 2416 1261 2501 τροχῶν,
1275 2408 1383 2477 παλτέ

298 2514 401 2584 πολλὰ
418 2513 470 2582 καὶ
493 2506 573 2591 ξυςέε
595 2508 775 2604 ὑπαφίεσαν·
798 2515 839 2589 ὥς
863 2513 892 2578 τ’
912 2513 976 2578 ἐκεῖ
995 2511 1171 2608 ἐτρώθησαν
1188 2517 1303 2584 πολλοὶ
1321 2525 1381 2585 τιῖν

297 2608 459 2715 Ρωμαίων.
473 2621 568 2696 Τέλος
583 2610 614 2684 δ’
625 2621 708 2711 ὅμως
719 2617 772 2684 ιεαὶ
782 2619 902 2685 τούτων
915 2623 1143 2714 κρατήσαντες,
1153 2632 1216 2689 τῖεν
1231 2649 1270 2690 τε
1283 2649 1383 2692 σαευο·

297 2732 398 2902 φόρεον
411 2727 462 2796 καὶ
476 2737 532 2793 τοῦ
544 2729 645 2792 αὐτῶν
657 2716 820 2817 ςρατοπέδ
821 2750 855 2792 ου
866 2727 1023 2820 ἐγκρατεῖς
1037 2728 1176 2820 ἐγένοντο
1190 2729 1219 2796 οῖ
1230 2715 1379 2823 Ρωμαῖοι.

326 2835 442 2904 νταῢθά
460 2859 495 2900 τε
514 2835 571 2905 τὴν
590 2841 647 2898 τοῦ
666 2816 880 2926 Οργετόρυγος
893 2830 1065 2928 θυγατέρα,
1079 2830 1131 2902 καί
1143 2838 1197 2902 ἕνα
1208 2843 1274 2903 τῶν
1286 2841 1380 2905 αὑτοῦ

297 2944 368 3010 υἱῶν
388 2935 572 3035 ἐζώγρησαν·
587 2923 634 3006 Ex
649 2929 684 3004 δέ
697 2940 816 3016 ταύτης
828 2948 886 3017 τῆς
900 2939 1003 3033 μάχης
1017 2931 1125 3035 ἄνδρες
1135 2952 1199 3009 τῶν
1214 2928 1379 3017 Ῑέλόητίιιν

299 3056 340 3127 ὡς
351 3039 597 3141 τρισκαιδεκάιεες
610 3045 710 3139 μύριοι
722 3045 1045 3140 περιγενόμενοι,ἐλην
1053 3049 1110 3121 τὴν
1124 3050 1223 3116 νύιιτα
1235 3052 1296 3129 τὴν
1308 3042 1378 3119 ὁδὸν

298 3160 332 3224 οὐ
357 3146 582 3232 διαλείποντες,
596 3151 786 3244 ἐπορεύοντο·
802 3150 854 3218 καὶ
872 3161 935 3219 τῖεν
960 3138 1130 3246 Ρωμαίων,
1147 3147 1201 3221 διὰ
1228 3158 1269 3224 τὸ
1300 3164 1378 3253 τρεῖς

297 3263 410 3356 ἡμέρας
422 3257 490 3352 περί
504 3284 539 3323 τι
548 3253 589 3323 τὰ
602 3267 663 3324 τῶν
678 3266 861 3350 ςροιτιιοτιῖν
874 3262 1043 3352 τραύματα
1056 3261 1108 3327 καὶ
1121 3264 1253 3336 τὴντῶν
1267 3273 1376 3356 νεαρῶν

297 3367 448 3462 ἀναίρεσιν
463 3357 644 3457 διατρῖψαι,
658 3364 789 3442 ἐιοείνους
802 3355 921 3431 διώκειν
936 3368 979 3458 μη
993 3358 1198 3453 δυνηθέντων,
1213 3371 1244 3434 ἐν
1259 3379 1302 3442 τῆ
1315 3379 1375 3436 τῶν

298 3473 456 3569 Λιγγόνων
470 3478 648 3562 τεταρταῖοι
662 3470 819 3562 ἐφίκοντο.
835 3456 864 3537 O
879 3471 933 3564 μέν
947 3470 998 3540 οὖν
1012 3476 1135 3568 Καῖσαρ
1153 3453 1375 3571 ατίρυιιαςπρθς
1402 3473 1405 3483 ’

297 3583 369 3659 τοὺς
388 3579 541 3674 Λιγγόνας
561 3577 708 3669 πέμπων,
727 3577 897 3671 ἀπηγόρευε
916 3570 1012 3671 μηδὲν
1026 3587 1089 3647 τῶν
1108 3571 1295 3653 ἐπιτηδείων
1314 3588 1375 3658 τοῖς

295 3673 463 3763 Ελόητίοις
480 3677 622 3778 πορύζευι·
637 3681 663 3748 εί
682 3674 717 3748 δέ
736 3686 798 3776 μὴ,
812 3685 970 3777 πολεμίοις
984 3689 1088 3766 αὐτοῖς
1101 3693 1142 3764 ὡς
1155 3688 1207 3754 καὶ
1226 3696 1294 3767 τοῖς
1313 3675 1372 3756 D·

907 3783 948 3876 δὴ
969 3794 1046 3886 έχων
1063 3798 1165 3861 πᾶσαν
1186 3797 1245 3870 τὴν
1264 3800 1373 3863 ἐαυτοῦ

295 3893 441 3992 δύναμιν,
459 3898 610 3990 ἐφείπετο.
1031 3890 1034 3899 ’

349 4006 497 4075 XXVII.
518 4004 559 4070 Οἱ
578 3993 608 4069 δ’
626 3988 776 4078 θλένίτιοι
794 4003 912 4099 ἐσχάτῃ
930 4005 1056 4074 πάντων
1079 4006 1274 4102 πραγμάτων
1295 4009 1370 4076 άπο·

299 4116 347 4211 ρίρ
364 4111 576 4205 συνεχόμενοι,
595 4105 735 4205 πρίεόεις
752 4109 839 4203 παρέι
864 4113 919 4180 τὸν
937 4114 1082 4208 Καίσαρα
1106 4115 1175 4208 περὶ
1196 4115 1372 4211 προσχωρού-
