3000 5025
404 477 443 546 C.
471 478 665 547 JULIUS
693 477 887 547 CAESAR.
1112 474 1189 549 283
1249 476 1254 483 ’

121 608 166 672 καὶ
178 602 226 695 βίᾳ
239 604 410 699 πολεμίων,
421 606 471 687 οθς
482 608 615 693 ἐνίκησε,
625 610 679 677 τὸν
696 600 717 677 δ
719 609 872 690 ’ἀτοπίαις
882 607 934 677 καὶ
946 609 1086 690 ἀπιςέαις
1097 610 1191 695 ἀθών,

120 707 396 804 ἀκαθωμάλισε,
364 740 417 783 τον
429 706 484 781 δ
471 714 615 807 επιεικείᾳ
629 714 680 785 καὶ
689 742 847 809 πραοτητι
855 744 931 808 προς
944 717 1017 795 τοὺς
1026 718 1191 811 ἁλισκομέ-

118 818 382 899 νους,πάνταςὲ
346 812 382 887 δὲ
400 830 447 907 τῷ
470 821 599 901 πλείςας
621 822 881 933 μεμαχῆσθαι’
836 850 961 917 μαχας,
976 822 1029 891 καὶ
1044 824 1191 902 πλεῖς-ους

119 924 288 1055 ἀνῃρηκέναι
302 934 365 993 τῶν
387 927 645 1021 ἀντιταχθέντων.
663 911 785 1004 Ετη
750 956 809 1026 γαρ
795 920 905 1024 ρούδὲ
923 920 1001 1023 δέκα
1013 932 1191 1024 πολεμόσας

18 1084 19 1103 ι
118 1056 177 1124 περι
167 1030 346 1101 Γαλατίαν
356 1035 483 1117 ,πόλεις
502 1037 557 1129 μὲν
576 1037 650 1130 ὑπὲρ
672 1036 857 1115 ὀκτακοσίας
871 1034 956 1105 κατὰ
969 1036 1081 1128 κράτος
1095 1033 1192 1119 εἷλεν,

18 1138 19 1145 '
117 1136 178 1211 ἔθνη
195 1129 251 1203 δ”
238 1165 319 1234 εχειρ
321 1143 426 1208 ώσατο
439 1143 612 1275 τριακόσια·
629 1141 758 1275 μυριάσι
777 1136 814 1211 δὲ
832 1137 1091 1243 παραταξάμενος
1109 1137 1193 1211 κατά

18 1240 20 1289 ³
117 1246 197 1376 μέρος
209 1244 401 1339 τριακοσίαις
413 1298 422 1331 ,
435 1250 545 1317 ἑκατὸν
553 1250 615 1341 μὲν
630 1251 660 1317 έν
675 1275 761 1343 χερσι
749 1236 971 1341 διέρθειρενζ
982 1246 1079 1328 άλλας
1094 1240 1130 1316 δέ
1144 1274 1194 1317 το·

18 1348 19 1371 ³
116 1353 222 1431 σαύτας
237 1347 418 1447 ἐζώγρησεν.

163 1460 256 1528 XVI.
269 1458 383 1551 Εύνοίᾳ
398 1451 496 1527 δὲ
448 1486 500 1529 και
517 1459 672 1556 προθυμίᾳ
686 1469 869 1553 ςρατιωτῶν
883 1464 1038 1555 έχρύσατο
1052 1463 1191 1555 τοσαύτᾳ
1267 1466 1273 1479 “

116 1564 177 1657 περὶ
189 1567 302 1649 αὑτὸν,
317 1569 379 1643 ώςε
387 1568 460 1647 τοὺς
471 1570 580 1661 ἑτέρων
596 1559 693 1660 μηδὲν
709 1570 738 1635 ἐν
749 1577 818 1647 ταῖς
831 1564 941 1646 ἀλλαις
953 1567 1112 1661 ςρατείαις
1126 1560 1196 1636 διοι-

115 1673 273 1761 φέροντας,
288 1672 429 1764 ἀμάχους
444 1673 496 1741 καὶ
514 1672 731 1752 ἀνυποςάτους
750 1674 891 1768 φέρεσθαι
911 1676 987 1767 πρὸς
1009 1678 1071 1743 πάν
1094 1665 1194 1741 δεινὸν

115 1777 183 1867 ὑπὲρ
197 1788 256 1857 τῆς
269 1777 427 1872 Καίσαρος
442 1772 546 1859 δόξης,
562 1776 636 1859 Οἷος
653 1776 689 1854 ἦν
708 1780 873 1874 τοῦτομὲν
895 1769 1038 1864 Ᾱκθιος,
1052 1779 1085 1859 ὃς
1102 1783 1133 1847 ἐν
1151 1790 1193 1876 τῇ

114 1884 176 1977 περὶ
186 1884 375 1952 Μασσαλίαν
393 1887 572 1980 ναυμαχίᾳ,
585 1889 658 1965 νεὼς
673 1885 823 1979 πολεμίας
837 1881 1044 1969 ἀπιόεόηκώς,
1056 1889 1114 1960 τάν
1138 1886 1192 1979 μέν

115 1981 211 2069 δεξιὰν
231 1992 374 2066 ἀπεκόπη
393 2001 481 2086 χεῖρα
504 1992 658 2087 μαχαίρᾳ,
673 2003 713 2087 τῇ
737 1985 768 2060 δ’
791 1994 918 2088 ἀριςερᾷ
937 1994 992 2060 τὸν
1014 1992 1116 2086 θυρεὸν
1137 1995 1194 2060 οὐκ

24 2144 29 2156 .
114 2096 241 2187 ἀφῆκεν,
251 2095 333 2165 ἀλλὰ
346 2100 476 2167 τύπτων
488 2100 529 2178 εἰς
544 2097 586 2167 τάι
595 2101 749 2193 πρόσωπα
763 2102 835 2179 τοὺς
847 2098 1029 2193 πολεμίους,
1038 2095 1193 2191 ἀπέτρεψε

113 2205 246 2287 πάντας,
261 2203 313 2271 καὶ
326 2214 383 2272 τοῦ
396 2206 530 2297 σκάρους
544 2206 744 2300 ἐπεκράτησε·
761 2216 856 2275 τοῦτο
871 2196 908 2273 δὲ
925 2205 1062 2285 Κάσσιος
1080 2207 1193 2303 Σκεύας

91 2315 93 2325 ⁴
113 2308 142 2389 ἀς
155 2314 185 2379 ἐν
200 2322 240 2407 τῇ
254 2310 324 2404 περὶ
333 2311 501 2405 Δυρράχιον
517 2311 603 2407 μάχᾳ
618 2315 671 2381 τὸν
690 2312 848 2405 ὀφθαλμὸν
861 2312 1001 2391 ἐκκοπεὶς
1014 2307 1194 2406 τοξεύματι,

112 2419 162 2485 τὸν
178 2410 212 2484 δ’
221 2414 305 2511 ὦμον
319 2422 402 2506 ὑσσῷ
413 2419 465 2487 καὶ
479 2421 533 2488 τὸν
549 2421 643 2515 μηρὸν
658 2421 754 2514 ἑτέρῳ
767 2410 1006 2514 διεληλαμένος,
1019 2426 1066 2506 τῷ
1086 2410 1122 2485 δὲ
1141 2418 1195 2485 θο-

112 2533 165 2618 ρεῷ
180 2527 281 2610 βελῶν
295 2528 406 2594 ἑκατὸν
420 2526 473 2594 καὶ
490 2526 660 2618 τριάκοντα
676 2525 798 2621 πληγὰς
817 2517 1079 2622 ἀναδεδεγμένος,
1094 2527 1196 2594 έκαλει

111 2633 179 2711 τοὺς
198 2631 385 2726 πολεμίους,
406 2638 446 2712 ὡς
466 2625 661 2726 παραδώσων
681 2634 803 2700 ἑαυτόν.
821 2635 907 2702 Δοεῖν
927 2624 963 2700 δὲ
985 2633 1195 2726 προσιόντων,

112 2749 166 2806 τοῦ
185 2740 242 2831 μὲν
257 2737 395 2829 ἀπέκοψε
413 2741 468 2808 τὸν
483 2735 565 2832 ὦμον
589 2751 629 2835 τῇ
648 2737 806 2834 μαχαίρᾳ,
818 2741 871 2807 τὸν
891 2731 928 2808 δέ
941 2736 1025 2807 κατὰ
1037 2748 1095 2806 τοῦ
1116 2765 1195 2833 προ·

17 2847 19 2904 ῗ
112 2848 216 2914 σώπσυ
228 2839 373 2925 πατάξας
388 2841 591 2940 ἀπέστρεψεν·
607 2849 700 2926 αὐτὸς
716 2838 751 2914 δὲ
767 2838 915 2929 διεσώθη,
929 2852 992 2913 τών
1006 2844 1123 2913 οἰκείων
1137 2871 1195 2913 πε-

17 2945 19 3000 ί
113 2952 280 3046 ρισχόντων
290 2939 364 3020 ’.Εν
380 2943 415 3020 δὲ
429 2951 601 3047 Βρεττανίᾳ
615 2963 675 3022 τῶν
691 2952 845 3046 πολεμίων
858 2951 899 3031 εἰς
912 2952 1010 3021 τόπον
1027 2943 1128 3026 ἑλώδη
1142 2949 1195 3020 καὶ

17 3117 18 3154 ,
112 3061 207 3151 μιςὸν
226 3051 343 3137 ὕδατος
360 3062 525 3152 ἐμπεσοῦσι
552 3068 618 3139 τοῖς
638 3063 773 3154 πρώτοις
793 3053 975 3154 ταξιάρχαις
995 3059 1196 3153 ἐπιθεμένων,

111 3168 309 3259 ςρατιώτης,
327 3164 483 3261 Καίσαρος
503 3171 598 3236 αὐτοῦ
621 3170 677 3243 τὴν
701 3166 804 3262 μάχην
825 3170 1017 3261 ἐφορῶντος,
1039 3165 1196 3259 ὠσάμενος

17 3267 19 3318 3
113 3271 150 3351 εἰς
163 3274 294 3367 μέσους,
303 3272 355 3340 καὶ
368 3272 471 3342 πολλὰ
483 3275 535 3342 καὶ
548 3274 703 3369 περίοπτα
713 3274 832 3367 τόλμης
847 3264 1086 3365 ἀποδειξάμενος
1100 3274 1196 3367 ἔργα,
1309 3315 1323 3326 2

17 3391 18 3422 ³
112 3381 183 3459 τοὺς
200 3381 257 3472 μὲν
275 3373 459 3511 ταξιάρχους
477 3381 586 3466 ἔσωσε,
601 3390 662 3450 τῶν
682 3375 845 3475 όαρόάρων
860 3381 1036 3507 ρυρόντων,
1050 3379 1144 3457 αὐτὸς
1158 3370 1196 3446 δὲ

112 3489 284 3577 χαλεπῶς’
272 3486 322 3554 επὶ
339 3491 415 3554 πᾶσι
430 3479 595 3556 διαόαίνων
603 3489 686 3582 ,έῤῥι
676 3485 769 3578 ιψεν
756 3488 866 3556 εαοτθν
881 3486 921 3565 εἰς
936 3488 1075 3580 ῥεύματα
1085 3491 1197 3576 τελμα

17 3673 18 3676 ¹
114 3585 285 3678 τώδη,καὶ
303 3592 426 3725 μόλις
404 3619 474 3662 ανευ
489 3595 598 3662 τουθ
582 3605 684 3687 υρεοῢ,
699 3621 741 3661 τα
725 3593 809 3688 μὲν
823 3595 1006 3686 νηχομενος,
1020 3584 1115 3659 τα
1103 3592 1196 3676 βα-

17 3691 18 3694 “
114 3688 224 3784 δόξων,
238 3691 341 3792 διεπέρ
345 3727 432 3769 ασε.
408 3685 676 3794 3Θαυμαζόντων
691 3693 727 3768 δὲ
741 3709 803 3768 τῶν
818 3700 887 3795 περὶ
899 3701 953 3768 τὸν
967 3697 1131 3792 Καίσαρα,
1144 3697 1196 3766 καὶ

155 3856 238 3912 LE·
252 3855 287 3912 de
301 3877 331 3911 re
342 3858 412 3914 Plin.
420 3877 470 3914 nec
480 3859 633 3927 immerito,
722 3880 747 3914 τ.
761 3860 873 3912 Factum
882 3870 974 3912 narrat
987 3855 1044 3930 ipse
1051 3857 1153 3921 Cesar,
1162 3854 1197 3909 de

113 3952 169 4004 vu,
189 3937 244 3992 25:
264 3939 355 3994 «Non
370 3938 516 4012 equidem
508 3960 537 3994 ιιι
549 3940 634 4012 glona
678 3941 744 3994 Bell.
763 3939 842 3994 civil
863 3957 915 4005 111,
938 3938 991 4004 όθς
1010 3949 1038 3990 et
1055 3936 1197 3991 illustravit

113 4019 253 4086 posuerim
268 4030 386 4086 tantam,
401 4020 482 4076 etiam
498 4034 634 4089 coactam,
677 4020 895 4087 Luc.,Phassa1
911 4037 957 4086 νε,
974 4025 1028 4083 144
1041 4029 1070 4070 et
1083 4035 1156 4092 seqq

17 4137 18 4140 η
113 4094 280 4152 hominum
271 4100 429 4172 mjuriam.
721 4103 747 4156 3.
765 4098 842 4154 Idem
857 4100 903 4154 hic
916 4097 951 4154 de
965 4118 1020 4172 quo
1033 4117 1135 4172 supra:
1149 4095 1196 4152 sed

806 4253 824 4295 θλ

813 4302 818 4311 ,
