3000 5025
546 459 835 530 PRAEFATIO.
1010 481 1015 489 ·
1039 458 1043 465 “
1151 486 1231 535 xvir

50 646 52 649 -
147 594 316 680 lenitatis5
342 590 536 663 connubere
559 616 623 688 pro
644 592 888 680 commodem
912 599 1004 663 inter
1024 610 1138 665 certos
1166 620 1230 693 pro

148 706 233 769 mter
254 716 422 787 eceteros,
442 701 620 779 innumera
644 699 708 769 alia
731 698 853 795 quibus
873 702 1058 773 Groevianae
1076 702 1231 775 editionis

148 832 262 879 omncs
281 808 352 877 lere
366 807 411 878 ad
425 829 529 876 unam
541 808 670 903 paginae
679 806 829 877 horrent
849 809 936 897 Quae
945 811 973 878 si
980 808 1065 879 fides
1076 812 1231 881 vocanda

148 931 211 1003 est,
228 938 300 984 non
317 914 437 985 debuit
454 936 596 1009 usquam
617 914 660 983 ab
679 915 834 984 instituto
849 914 1037 1005 discedere3
1064 917 1123 987 sed
1140 920 1230 989 timi·

149 1023 210 1092 dus
224 1022 402 1092 haesitavit.
420 1022 493 1092 Nos
512 1035 685 1091 auctorem
702 1022 841 1091 minime
854 1014 1048 1115 antiquum,
1067 1048 1130 1095 nec
1145 1029 1229 1095 tanti

151 1130 306 1225 ponderis
326 1131 409 1216 rati,
442 1124 604 1223 liquidum
623 1142 753 1197 textum
771 1128 986 1198 volventibus
1000 1130 1229 1223 offerendum,

152 1235 521 1331 potius'quamoculos
543 1250 579 1305 et
597 1250 726 1307 mentes
747 1235 873 1331 ubique
895 1234 1115 1326 offendendos
1133 1261 1229 1309 cura·
1277 1326 1280 1330 ἱ

152 1345 267 1413 vimus
1208 1371 1212 1379 ·

201 1452 262 1521 IV.
291 1451 408 1539 Quum
432 1452 552 1547 saepius
571 1450 605 1517 in
625 1452 878 1521 Commentario
901 1454 1039 1536 nostro,
1059 1448 1230 1521 Plutarchi

152 1560 317 1629 Caesarem
332 1559 368 1625 in
380 1556 452 1627 veri
467 1560 582 1627 sensu's
597 1559 823 1627 testimonium
837 1559 961 1652 passim
978 1555 1231 1647 adduxerimus,

151 1688 210 1734 nos
228 1665 386 1735 omnibus
404 1678 538 1761 gratum
556 1664 705 1735 facturos
722 1664 875 1733 arbitrati
886 1688 1019 1751 sumus,
1037 1665 1066 1733 si
1082 1664 1125 1733 de
1137 1665 1231 1735 fonte

151 1774 329 1865 purissimo
339 1770 528 1841 derivatum
539 1772 607 1841 huc
620 1770 885 1858 adverteremus,
898 1770 1061 1865 quidquid
1072 1771 1115 1841 ad
1128 1773 1232 1866 ipsius

149 1878 288 1949 Caesaris
308 1894 383 1949 acta
405 1881 537 1974 penitus
555 1876 848 1973 recognoscenda3
878 1892 914 1947 et
933 1903 1008 1972 quae
1033 1879 1103 1947 sive
1121 1878 1230 1975 negli-

149 1988 313 2079 gentiam
335 1988 469 2082 scriptis
491 1987 619 2071 omisit,
636 1988 715 2076 ,sive
740 2010 782 2055 ex
808 1985 971 2055 industrie
992 1983 1037 2053 ad
1061 1984 1231 2057 silentium

149 2096 336 2189 composita
354 2094 581 2189 pretermisit,
602 2109 643 2163 ea
661 2116 753 2163 nunc
777 2117 796 2169 e
813 2093 945 2163 sincera
965 2092 1117 2162 historici
1131 2092 1230 2163 alieni

150 2198 213 2269 fide
227 2198 532 2296 supplendaratque
550 2190 766 2289 illustranda,
777 2200 966 2297 legentibus
984 2199 1145 2269 auxilium
1157 2227 1229 2271 cer·

151 2320 220 2375 tum
250 2307 407 2379 sufficere
422 2322 558 2413 posset.
596 2310 693 2379 Hanc
718 2331 857 2402 operam
886 2306 1090 2377 Cbaeronaeae
1118 2310 1229 2401 gravis

151 2413 305 2484 alumnus
327 2417 500 2511 praestitit,
530 2414 703 2503 doctrina,
736 2415 906 2497 moribus,
929 2412 1092 2509 elegantia
1115 2415 1230 2509 paucis

150 2524 424 2618 posthabendas:
442 2525 543 2612 absit,
562 2537 601 2592 ut
622 2521 663 2591 de
685 2522 743 2592 illo
762 2523 898 2616 Trojani
918 2523 1130 2616 imperatoris
1157 2548 1229 2591 ma·

150 2632 254 2724 gistm
268 2631 367 2726 plura
385 2631 511 2718 dicam,
529 2631 586 2724 qui
600 2628 723 2700 nullius
740 2646 818 2724 eget
832 2629 1007 2724 preconiis
1019 2656 1028 2717 ;
1042 2629 1138 2722 cujus
1152 2654 1229 2698 nar·

151 2740 314 2808 rationem
339 2741 494 2808 Graecam
515 2739 699 2824 recensuit,
730 2751 765 2805 et
786 2737 915 2805 Latinis
942 2735 1065 2805 notulis
1090 2739 1231 2828 aspersit

151 2845 178 2911 J.
196 2847 236 2914 A.
258 2848 386 2932 Antan,
406 2845 551 2938 antiquae
571 2843 650 2913 fidei
671 2857 705 2912 et
722 2842 885 2911 doctrine
906 2842 969 2912 vir.
1092 2874 1094 2877 ·

202 2953 316 3022 Habes
336 2953 454 3046 igitur,
472 2943 599 3047 optime
610 2949 727 3038 lector,
749 2974 819 3018 non
836 2948 1094 3018 commentarios
1109 2949 1229 3037 modo,

152 3061 206 3129 sed
229 3061 398 3130 Caesarem
426 3049 560 3144 totum,
577 3056 848 3153 quandoquidem
878 3055 962 3124 duas
985 3057 1057 3149 ejus
1081 3055 1229 3152 effigies,

152 3166 288 3237 alteram
309 3167 352 3236 ab
368 3167 459 3260 ipso,
473 3179 533 3234 aut
550 3165 621 3258 ejus
635 3166 749 3236 amicis
766 3162 1019 3252 adumbratam,
1031 3162 1171 3232 alteram
1185 3164 1229 3232 ab
1330 3155 1337 3171 ’

152 3277 302 3371 egregio,
322 3289 375 3361 et,
397 3271 487 3367 quod
510 3271 650 3342 forsitan
672 3274 794 3353 maviS,
811 3269 956 3339 candido
974 3270 1105 3339 artifice
1120 3269 1229 3364 depio

154 3391 235 3470 um,
253 3384 342 3450 inter
363 3405 398 3450 se
419 3377 668 3472 comparando,
689 3376 866 3473 singularis
891 3376 978 3446 illins
1002 3379 1106 3445 animi
1127 3392 1228 3471 atque

154 3491 272 3588 ingenii
299 3487 459 3584 figuram,
474 3574 477 3582 Ι
490 3485 589 3555 nullis
613 3487 745 3555 omissis
770 3483 997 3574 lineamentis,
1026 3485 1229 3578 cogitatione

154 3597 243 3668 facile
262 3596 441 3690 concipies.

203 3707 245 3774 V.
271 3701 470 3772 Addidimus
492 3713 620 3795 septem
634 3699 676 3768 de
690 3697 780 3768 bello
795 3697 926 3775 Gallico
944 3697 1108 3766 librorum
1122 3714 1229 3767 meta·

155 3811 286 3906 phrasin
312 3831 476 3905 graecam,
506 3829 607 3910 quam
629 3829 670 3876 ex
690 3807 1005 3900 lungermannianis
1027 3803 1229 3879 editionibus
1351 3877 1354 3882 ,

155 3921 343 4014 repetitam,
366 3916 524 3985 Davisius
544 3913 682 3983 ediuoni
702 3937 789 4000 suae,
808 3930 899 3982 anno
920 3909 1038 4008 1706,
1056 3915 1229 4009 apposuit,

155 4047 265 4096 renim
283 4028 318 4093 in
334 4023 636 4116 subsequenti,·an.
657 4018 769 4116 1713,
785 4019 892 4114 Lugd.
912 4023 1026 4088 Batav.
1042 4022 1078 4088 in
1093 4009 1147 4107 8⁰,
1158 4045 1229 4088 non

155 4147 329 4228 comparet.
347 4130 414 4198 Hic
428 4129 470 4198 de
489 4127 544 4200 illa
560 4129 696 4200 minime
717 4125 966 4196 contemnenda
982 4129 1153 4215 versione,
1174 4129 1229 4208 cui

1011 4252 1038 4318 B
