3000 5025
275 398 322 479 ιι,
484 392 514 459 J.
542 388 699 457 eensr
727 384 1125 455 conuenturam

269 528 355 600 tiens
369 536 488 594 contra
502 546 536 591 se
548 518 707 597 invidiam
724 516 934 595 laborantem
946 532 982 587 et
995 516 1187 597 consulibus
1202 538 1354 600 asesratu

270 631 460 727 provincias
478 625 600 701 nullius
616 623 739 698 laboris
760 640 795 697 et
813 622 930 720 'gloriar
947 624 1121 714 decretas,
1143 626 1242 721 idque
1262 629 1298 703 in
1318 655 1354 705 se

269 763 377 815 unum
404 734 477 813 fieri
506 736 680 829 cogitans,
697 746 736 801 et
762 731 953 820 adanam,
974 733 1062 809 sicut
1088 748 1180 822 erat,
1200 735 1356 828 injuriam

271 844 428 932 trahens,
446 841 537 937 quod
555 838 717 935 collegam
733 837 861 910 scilicet
879 840 941 913 ista
956 864 1026 909 non
1044 853 1238 934 tangerent,
1255 856 1356 936 atque

272 952 428 1021 incensus
442 948 624 1045 cupiditate
637 946 810 1035 vindicte,
822 948 954 1018 Cneum
963 948 1161 1041 Pompeium
1176 950 1357 1044 Mamm,

272 1072 354 1135 tuuc
382 1058 511 1129 senatui
540 1054 731 1141 infensum,
751 1052 843 1147 qttod
870 1052 1067 1129 Mithridate
1096 1054 1284 1149 perdomito
1312 1057 1356 1127 ad

251 1234 253 1239 .
272 1166 375 1259 ipsius
387 1164 533 1235 honores
547 1160 713 1231 silentium
731 1160 920 1248 habuisset,
933 1161 1026 1232 omni
1043 1161 1202 1255 obsequio
1222 1188 1357 1256 prome-

272 1274 340 1341 reri
359 1269 510 1357 studuit;
529 1282 632 1361 utque
655 1264 791 1337 solidior
811 1291 918 1345 nexus
934 1281 1030 1357 esset
1056 1270 1164 1340 Marci
1189 1271 1302 1347 Crassi
1322 1285 1359 1347 at

273 1378 423 1473 Pompeii
435 1376 614 1450 amicitiam
628 1387 762 1453 vetusto
776 1372 855 1443 odio
868 1375 1092 1469 interruptam
1104 1400 1146 1444 ex
1164 1376 1357 1465 consulatu,

273 1510 374 1579 quem
390 1481 487 1551 simul
503 1480 766 1555 diffidentissime
787 1493 977 1575 gesserant,
997 1484 1157 1552 resarcire
1178 1484 1268 1559 nisus
1288 1498 1358 1571 est;

173 1676 177 1692 ἱ
274 1592 451 1685 effecitque
480 1586 620 1661 sollicito
646 1612 686 1662 ac
705 1586 824 1659 solerti
842 1588 1049 1682 ingenio,ut
1076 1589 1140 1683 ipsi
1160 1603 1227 1665 tres
1248 1591 1282 1663 in
1304 1616 1357 1662 re·

274 1697 409 1795 publica
429 1722 535 1767 unum
560 1710 687 1784 essent,
710 1693 783 1767 fore
803 1709 915 1785 ratus,
930 1709 971 1765 ut
994 1694 1085 1789 quod
1112 1698 1159 1765 eis
1178 1696 1358 1791 placuisset

275 1805 386 1875 nullus
402 1803 627 1897 infringeret:
647 1826 709 1871 neo
726 1799 849 1872 fefellit
862 1826 956 1895 spes;
971 1817 1075 1896 utque
1087 1804 1265 1879 amicitiam
1276 1830 1357 1875 con·

275 1912 496 2007 sanguinitate
512 1909 679 1995 firmaret,
694 1906 797 1977 filiam
812 1932 907 1985 suam
927 1907 1052 1985 Juliarn
1068 1911 1227 2004 Pompeio
1241 1912 1356 2004 conju·

277 2043 353 2117 gem
367 2016 474 2105 dedit3
483 2029 517 2085 et
527 2014 673 2109 undique
686 2014 747 2085 sibi
759 2013 962 2091 adminicula
971 2018 1270 2111 coacervam,ipse
1280 2018 1357 2093 Cal-
1376 2042 1379 2049 ’

276 2124 432 2221 purniam
454 2126 494 2193 L.
519 2124 648 2193 Pisonis
669 2122 854 2199 successuri
874 2120 935 2191 sibi
953 2123 989 2197 in
1010 2121 1186 2199 consulatu
1205 2123 1307 2193 filiam
1323 2127 1358 2194 in

276 2230 527 2302 matrimonium
546 2230 697 2324 accepit:
717 2230 898 2325 generique
916 2252 956 2299 ae
978 2232 1084 2299 soceri
1105 2229 1273 2326 suffragiis
1293 2231 1364 2309 fol·-

277 2353 414 2427 tus,.ex
436 2337 589 2407 omnibus
611 2337 793 2431 provinciis
816 2334 941 2406 Gallias
959 2351 1060 2431 atque
1081 2336 1252 2431 Illyricum
1274 2364 1358 2433 praa·

184 2445 186 2453 '
277 2443 396 2543 elegit,
417 2441 654 2539 amplissimam
673 2442 798 2514 scilicet
817 2468 921 2539 opum
938 2444 1027 2514 viam
1042 2458 1143 2539 atque
1156 2445 1359 2519 uberrimam
1479 2436 1486 2444 ’

277 2553 452 2622 materiam
464 2551 806 2646 triumphorum:non
816 2551 908 2645 quod
919 2567 1054 2631 senatus
1065 2554 1096 2628 ei
1106 2551 1359 2648 Transalpinam

279 2658 423 2730 Galliam
439 2658 541 2728 libere
555 2658 667 2746 daret,
682 2657 738 2728 sed
757 2659 882 2729 veritus
897 2683 941 2728 ne
957 2682 977 2726 a
991 2684 1027 2728 se
1043 2674 1201 2753 negatum
1215 2658 1360 2754 populus

278 2765 476 2862 largiretur,
497 2780 531 2834 et
552 2764 643 2860 quod
664 2789 764 2836 suum
785 2764 914 2835 nollent
926 2820 936 2855 ,
948 2792 1071 2839 munus
1092 2764 1188 2842 fieret
1203 2765 1358 2844 alienum

278 2875 352 2942 Nec
377 2872 458 2959 dum
485 2872 610 2944 invidia
637 2873 850 2966 quiescente,
869 2874 941 2966 jarn
965 2873 1138 2967 profectus
1162 2875 1197 2950 iu
1223 2866 1359 2969 provin·

279 2980 387 3066 ciam,
408 2993 583 3056 accusatus
604 2979 647 3050 ab
670 2977 799 3052 aemulis
821 2982 1031 3074 procuravit,
1049 2995 1088 3050 ut
1108 2981 1227 3054 absens
1250 2982 1360 3076 reipu-

279 3084 374 3156 blicae
392 3109 492 3158 causa
514 3087 628 3157 vocari
647 3085 689 3159 ad
704 3085 867 3185 judicium
889 3113 959 3161 non
977 3101 1112 3182 posset;
1132 3089 1309 3183 posuitque
1324 3089 1362 3162 in

280 3195 450 3282 animum,
470 3217 586 3266 ornnes
602 3194 659 3286 qui
676 3192 720 3262 ad
736 3194 950 3288 magistratus
968 3195 1137 3272 ascensuri
1150 3209 1280 3283 essent,
1299 3194 1362 3268 sibi

281 3302 406 3375 amicos
429 3298 585 3389 efficere,
604 3314 705 3394 atque
728 3299 853 3369 exiliis
875 3299 1004 3373 nullum
1023 3301 1199 3395 adjuvare,
1216 3300 1274 3370 sed
1298 3327 1363 3395 poe

280 3407 407 3479 viribus
425 3405 602 3502 impedire,
621 3408 683 3477 uisi
699 3409 758 3500 qui
779 3407 841 3479 sibi
858 3405 1096 3502 pollicerentur
1110 3433 1146 3475 se
1159 3408 1230 3502 ejus
1248 3407 1363 3483 absum

281 3515 362 3606 tiam
383 3513 579 3584 defensuros
591 3540 601 3603 ;
615 3529 659 3586 ut
680 3539 701 3582 a
722 3512 890 3592 nonnullis
911 3514 976 3587 hac
1002 3513 1044 3581 dc
1068 3539 1105 3583 re
1129 3513 1362 3606 jusjurandum

281 3644 321 3690 ac
335 3621 597 3716 chirographum
611 3647 680 3690 non
691 3635 865 3716 vereretur
875 3621 1036 3714 accipere.
1048 3619 1196 3694 Audiens
1209 3645 1307 3708 vero,
1322 3623 1361 3695 L.

281 3728 470 3798 Domitium
486 3727 697 3806 consularem
710 3726 932 3803 ,candidatum
954 3727 1108 3819 quicum
1128 3741 1252 3822 praetor
1272 3753 1363 3802 anno

282 3833 347 3910 alio
365 3858 486 3905 vexare
506 3835 674 3922 voluerat,
684 3834 812 3927 jactare
830 3830 966 3909 solitum
980 3855 1016 3902 se
1026 3886 1035 3921 ,
1047 3833 1139 3928 quod
1161 3850 1286 3930 praeter
1303 3859 1364 3908 nea

282 3942 460 4036 quivisset,
478 3941 650 4014 consulem
674 3939 898 4029 effecturum,
919 3941 1048 4036 sibique
1066 3944 1247 4019 exercitum
1265 3967 1361 4036 erep-

283 4062 422 4138 turum,
442 4047 530 4120 illius
554 4047 771 4148 consulatum
798 4048 1000 4142 impediendi
1024 4051 1113 4119 viam
1136 4074 1237 4125 unam
1258 4048 1361 4122 medi·
