3000 5025
310 454 381 525 168
534 458 563 523 J.
592 454 741 525 CELSI
770 452 1140 525 COMMENTARII

303 588 419 675 beret,
440 602 474 655 et
494 586 576 656 nihil
598 586 687 680 quod
708 588 738 654 ei
756 587 791 654 in
812 577 961 655 animum
978 588 1141 673 venisset,
1163 584 1300 679 aggredi
1320 608 1380 653 ve-

305 710 442 763 reretur.
465 694 595 781 Quibus
615 692 714 763 rebus
736 718 800 787 ego
821 692 921 787 culpa
939 695 1105 762 Caesarem
1127 676 1386 779 non‘absolv03'

304 800 383 871 tecit
410 799 565 894 quidem,
588 825 656 869 non
678 799 829 887 inficior,
849 800 970 893 quibus
994 798 1152 886 liberam,
1176 798 1377 871 imodomi·

303 931 382 975 nam
403 907 550 1001 gentium
568 906 736 975 civitatem
759 907 793 973 in
812 920 983 1000 stuporem
1004 908 1131 999 primo,
1149 918 1225 999 post
1240 906 1276 973 in
1293 906 1386 973 irem·
1405 980 1408 983 ,

303 1027 457 1081 verteret.
486 1015 610 1081 Forum
639 1013 850 1105 permaxime
878 1014 1035 1105 impense
1057 1012 1158 1105 coepit
1183 1026 1340 1079 extruere
1361 1036 1380 1079 e

304 1118 487 1207 manubiis,
508 1142 582 1212 quoe
602 1143 670 1185 non
690 1142 751 1187 sua
771 1132 885 1205 erant,
907 1115 965 1187 sed
982 1116 1097 1212 populi
1115 1118 1245 1186 romani
1258 1142 1267 1184 ε
1281 1117 1381 1186 disci·

303 1223 429 1319 plinem
447 1224 640 1312 militarem,
660 1222 792 1319 publice
810 1223 939 1293 solitam
960 1223 1093 1312 doceri,
1111 1224 1154 1291 ad
1175 1248 1210 1293 se
1231 1223 1381 1311 reduxit,

302 1346 341 1399 ut
358 1332 514 1425 privatim
537 1329 793 1399 suo‘doceretur
810 1330 948 1399 arbitrio
961 1356 969 1397 ι
983 1329 1074 1424 quod
1091 1345 1126 1399 et
1147 1330 1295 1399 fortassis
1317 1330 1382 1399 sibi

304 1462 365 1507 suo
385 1438 459 1530 jure
483 1436 633 1523 licuerit,
650 1452 690 1506 ut
713 1439 770 1530 qui
795 1452 924 1533 partem
948 1438 983 1504 in
1004 1438 1076 1529 ejus
1099 1438 1148 1505 rei
1168 1438 1287 1531 peritia
1310 1461 1382 1507 non

303 1566 442 1639 parvam
459 1542 616 1631 baberet,
635 1543 702 1613 fuit.
714 1558 827 1612 tamen
846 1558 964 1613 contra
982 1566 1093 1613 mores
1109 1557 1209 1637 etque
1220 1542 1383 1613 instituta

303 1650 488 1743 majorum,
508 1674 652 1743 quorum
680 1675 812 1744 semper
841 1650 1122 1719 observantissimi
1147 1650 1281 1718 fuerant
1308 1652 1386 1718 lte„

304 1757 412 1827 mani:
427 1755 616 1850 legionibus
637 1759 670 1825 in
689 1781 789 1825 omne
809 1770 940 1851 tempus
961 1756 1162 1850 stipendium
1182 1754 1383 1850 duplicavit,

302 1862 393 1955 quod
415 1860 568 1955 quidem,
588 1865 649 1933 etsi
670 1865 828 1933 exercitui
850 1864 1072 1957 gratissimum
1095 1862 1214 1949 fuerit,
1234 1886 1385 1956 eumque

302 1967 460 2038 militibus
483 1969 689 2037 carissimum
706 1968 839 2056 fecerit,
857 1971 903 2039 sic
926 1984 965 2037 ut
986 1972 1097 2039 carior
1113 1968 1213 2037 tiemo
1229 1992 1384 2063 unquam

303 2072 402 2161 alius,
425 2076 747 2167 sumptuosissimiun
762 2090 875 2143 tamen
893 2075 1083 2169 reipublice
1104 2076 1203 2145 fuisse
1220 2099 1290 2144 non
1308 2098 1384 2144 em-

302 2179 448 2273 bigitur:
470 2180 754 2275 et.haec..quidem
781 2182 867 2250 inter
894 2183 985 2251 suos(
1010 2182 1110 2277 Apud
1140 2197 1271 2253 exteros
1295 2206 1385 2253 vero

303 2310 398 2379 reges
416 2300 616 2381 gentesque,
633 2301 755 2381 praeter
775 2283 941 2357 licentiam
961 2303 1094 2359 senatus
1111 2314 1151 2359 ec
1169 2287 1304 2383 populi,
1323 2291 1384 2357 mi·

303 2416 357 2459 ras
385 2394 534 2461 exercuit
553 2392 740 2481 libertates,
761 2419 830 2463 non
856 2408 895 2462 ut
919 2395 988 2463 dux
1013 2394 1130 2489 populi·
1149 2398 1299 2482 romani,
1322 2395 1384 2465 sed

303 2511 342 2568 ut
363 2497 517 2568 dominus
536 2515 595 2568 eut
616 2510 691 2570 rex:
709 2500 946 2595 nequesolum
964 2503 1000 2570 in
1017 2501 1131 2590 Italia,
1149 2500 1335 2596 &alliisque
1350 2517 1385 2572 et

303 2606 488 2700 Hispaniis,
510 2606 567 2676 sed
585 2609 625 2675 in¹
641 2609 721 2678 Asia
735 2610 834 2678 etiam
852 2624 888 2677 et
908 2610 1055 2697 Grecis,
1073 2624 1107 2678 et
1127 2609 1217 2678 dona
1232 2610 1385 2704 ingentis

304 2725 338 2784 et
364 2710 483 2780 auxilia
510 2715 556 2784 eis
583 2715 691 2802 misit,
709 2729 886 2784 eteorum
910 2716 1010 2784 urbes
1034 2713 1201 2809 preclaris
1222 2715 1386 2809 operibus

303 2815 495 2902 adornavit3
518 2845 591 2914 quae
612 2822 724 2892 o'mnia
741 2825 802 2891 etsi
823 2837 940 2892 contre
959 2822 1234 2891 consuetudinem
1254 2824 1386 2890 Rome

303 2948 425 2996 norum
448 2925 593 3014 ducum,
614 2917 775 3022 aliterque
795 2953 835 2998 ac
857 2954 931 2998 mos
952 2930 1080 3024 patrius
1100 2929 1269 3023 exigebat,
1291 2927 1384 2998 faeta

304 3054 372 3098 non
394 3033 604 3124 negaverim,
622 3049 734 3128 posset
759 3050 872 3104 tamen
892 3049 1067 3105 excusetur
1088 3036 1251 3104 inveniri:
1271 3034 1386 3104 'solent

304 3136 392 3205 enim
421 3138 478 3230 qui
499 3139 626 3232 majora
649 3139 719 3210 aliis
740 3155 862 3236 agunt,
880 3155 917 3210 et
936 3141 1064 3235 majora
1084 3165 1307 3236 presumere,
1328 3155 1383 3230 et,

304 3267 371 3336 quo
397 3241 513 3312 melius
538 3245 600 3314 sibi
623 3261 701 3316 sunt
726 3249 868 3336 conscii,
890 3247 965 3342 plus
986 3246 1118 3319 audere.
1144 3249 1218 3317 Erit
1239 3248 1384 3318 fortasse

304 3350 362 3442 qui
380 3348 487 3437 dicet,
506 3349 676 3420 tolerabile
695 3355 729 3421 in
750 3354 1002 3448 Cesare,q1md
1016 3355 1052 3422 in
1065 3351 1300 3448 alioquolibet
1310 3376 1382 3423 non

283 3455 286 3472 '
303 3451 440 3556 ficisset:
455 3456 517 3526 erit
531 3481 572 3526 ex
590 3458 723 3528 diverso
740 3461 798 3554 qui
810 3460 877 3529 hoc
895 3459 1382 3555 favorabiliter1potius,quum

303 3559 443 3632 civiliter
466 3561 593 3633 dictum
615 3565 722 3652 dicet3
746 3564 940 3637 excellentie
957 3569 1046 3636 enim
1067 3567 1148 3636 civis
1168 3581 1203 3636 et
1221 3569 1285 3636 viri
1299 3568 1382 3637 boui

303 3689 373 3736 non
394 3665 559 3738 licentiam
582 3669 680 3740 debet
697 3694 839 3765 augere,
857 3673 917 3742 sed
937 3673 1142 3743 modestiam.
1162 3675 1224 3742 His
1241 3671 1380 3742 tetidem

301 3769 496 3868 horumque
524 3774 684 3846 similibus
711 3803 751 3848 ex
775 3779 882 3849 causis
909 3779 1015 3850 lutens
1030 3780 1153 3873 erupit
1178 3780 1323 3866 invidia;
1346 3793 1381 3850 et
1443 3806 1445 3815 ¹

299 3878 409 3970 primo
435 3880 570 3974 quidem
598 3896 763 3954 tentatum
784 3885 828 3954 ab
851 3886 978 3956 emulis
1006 3885 1200 3956 Labienum
1219 3886 1380 3982 legimus,

300 3984 394 4078 cujus
410 3987 528 4056 crebra
542 3991 668 4060 mentio
682 3992 717 4060 in
732 3993 957 4086 superioribus
972 4008 1022 4063 est
1037 3992 1166 4081 habita,
1180 4008 1377 4086 quemtunc

298 4089 409 4170 cesar
430 4091 596 4188 cisalpine
618 4095 734 4170 Gallie
758 4099 977 4192 prefecerat:
996 4098 1088 4192 quod
1114 4123 1155 4170 eo
1180 4100 1354 4199 spectebut
1365 4149 1376 4183 ‚
