3000 5025
257 506 569 577 INTERPRES
597 511 837 581 GRAECUS.
869 514 963 581 LIB.
992 508 1036 582 V.'
1090 516 1166 609 [γορ

98 676 1159 705 ἊΛΜΜΜΜΜΜὶΜΜΜΜΜΜἊΜΛΜΑΜΜΜΜ

56 960 59 967 ¹
181 829 387 923 Γιιων
424 830 708 925 ιονοιων
745 833 1097 928 ιιΑΙΣΑΡΟΣ

110 1058 1150 1190 ΑΠΟΜΝΗΜΟΝΕΥΜΑΤΑ

222 1342 318 1407 ΤΟΥ
335 1344 397 1409 ΕΝ
419 1338 762 1409 ΤΗΙΤΑΛΑΤΙΑΙ
782 1344 1035 1411 ΠΟΛΕΜΟΥ.

429 1549 729 1643 ΒΙΒΛΙΟΝ
767 1551 821 1643 Ε.

348 1756 905 1791 *a*

94 1902 178 1995 ΕΠῘ
188 1928 317 1999 ὑπάτων
331 1921 366 1997 δὲ
380 1930 511 1998 Λουκίου
524 1930 669 2023 Δομιτίου
681 1930 732 1999 καὶ
744 1920 869 1998 Ᾱππίου
883 1923 1058 2015 Κλαυδίου,
1069 1934 1168 2001 ἀπιὼν

94 2036 131 2114 εἰς
150 2038 207 2110 τὴν
230 2022 376 2121 Ῐταλίαν,
391 2044 430 2115 ὡς
445 2040 516 2104 κατ’
533 2039 600 2115 ἔτος
613 2019 775 2120 εἰώθει,ίέκ
790 2049 852 2104 τῶν
872 2030 1040 2131 χειμαδίων
1054 2045 1071 2107 ὁ
1086 2042 1178 2107 Καῖὲ

92 2168 166 2237 σαρ,
182 2150 248 2221 τοῖς
263 2148 373 2211 ἑαυτοῦ
392 2147 592 2239 παρήγγειλεν
609 2150 857 2239 ὑποςρατηγοῖς,
871 2156 943 2223 ναῦς
959 2148 1008 2212 ότι
1024 2137 1166 2214 δύναιντο

92 2250 220 2327 πλεῖς-ας
239 2242 258 2316 δ
261 2248 292 2316 ιδι
306 2259 363 2317 τοῦ
377 2258 525 2341 χειμῶνος
539 2258 702 2345 ναυπηγεῖν
715 2301 724 2333 ,
739 2251 862 2318 καὶτοῦ
877 2250 935 2329 τοῖς
948 2250 1084 2330 παλαιὰς
1099 2255 1166 2319 ἐπι,

91 2350 245 2435 σκευάζειν
260 2356 474 2449 ἐπιμελεῖσθαι.
491 2359 617 2435 Ταύτας
629 2366 752 2448 πρῶτον
769 2358 843 2451 μὲν,
858 2358 933 2449 πρός
949 2384 984 2426 τε
1000 2356 1041 2425 τδι
1055 2358 1167 2452 φορτία

94 2466 212 2553 κούφως
227 2465 323 2557 φέρειν
334 2515 344 2546 ,
357 2462 407 2530 καὶ
427 2454 538 2556 ρᾳδίως
553 2462 763 2559 κατάγεσθαι,
778 2464 880 2561 ὀλίγον
899 2466 1117 2560 ταπεινοτέρας
1127 2463 1167 2533 ὧν

91 2581 127 2664 τῇ
142 2573 280 2663 ἡμετέρᾳ
294 2571 435 2663 χρώμεθα
450 2569 587 2664 θαλάσσῃ
601 2621 610 2652 ,
626 2571 677 2637 καὶ
691 2573 832 2660 τοσούτῳ
846 2581 942 2639 τοῦτο
957 2576 1093 2664 μᾶλλον,
1106 2577 1168 2659 όσῳ

92 2668 143 2752 διὰ
166 2676 224 2755 τὰς
249 2688 304 2754 τῆς
327 2676 481 2754 θαλάσσης
506 2679 623 2754 ταύτης
650 2675 763 2767 συχνὰς
784 2671 960 2769 μεταόολδις
984 2676 1087 2745 πολλὰ
1107 2680 1171 2745 ἐκεῖ

54 2797 56 2801 ’
90 2781 255 2879 ἐγείρεσθαι
277 2785 402 2876 κύματα
418 2774 497 2878 ᾔδει·
517 2784 624 2850 ἔπειτα
645 2774 789 2871 δὲ,πρ“ος
810 2785 847 2851 τὸ
871 2785 1041 2875 σκευοφόρα
1062 2785 1166 2850 τεκαὶ

90 2891 169 2959 πολὺ
191 2891 293 2957 ἵππων
313 2890 426 2968 πλῆθος
450 2892 545 2981 ἔχειν,
568 2889 669 2984 ὀλίγον
694 2891 815 2956 τούτων
841 2891 1001 2984 εὐρυτέρας
1025 2886 1071 2967 αἷς
1098 2897 1165 2970 ταῖς
1223 2886 1225 2890 ’

88 3003 212 3096 λοιπαῖς
227 2996 369 3089 χρώμεθα
387 2997 563 3074 θαλάσσαις·
584 2996 636 3064 καὶ
656 2994 759 3073 πάσας
780 2997 856 3088 πρὸς
874 2999 997 3074 τούτοις
1020 2995 1166 3089 φορτικὰς

90 3104 260 3184 ποιεῖσθαι,
274 3096 453 3195 προσέταξε.
477 3104 559 3194 Πρὸς
579 3099 599 3168 ἃ
617 3102 722 3170 πάντα
739 3105 851 3197 μέγαή
871 3103 1055 3181 ταπεινότης
1079 3129 1165 3170 συνε·

91 3206 237 3278 όοὶλλετο·
253 3208 304 3275 καὶ
324 3209 364 3276 τέι
383 3211 436 3302 μὲν
455 3211 531 3304 πρὸς
550 3209 607 3285 τὴν
622 3214 741 3277 τούτων
757 3209 935 3277 καθόπλισιν
955 3202 1117 3283 ἐπιτύδεια
1132 3213 1165 3278 ἐκ

89 3329 145 3395 τῆς
165 3313 352 3408 Βρηταννίας
370 3318 523 3384 ἐκόλουσεν
545 3316 725 3412 εἰσάγεσθαι·
747 3317 840 3394 αὐτὸς
860 3308 914 3398 δὲ,
930 3324 992 3383 τῶν
1013 3327 1070 3395 τῆς
1091 3302 1166 3382 ίτα-

88 3424 156 3502 λίας
174 3415 309 3510 συνόδων
330 3423 550 3508 τελεσθέντων,
565 3423 605 3502 εἰς
624 3427 680 3498 τὴν
696 3409 854 3516 Ῐλλυρικῆν
872 3423 989 3516 ἀπῇρε,
1007 3426 1063 3496 τὴν
1083 3429 1165 3496 πλη-

89 3531 153 3598 σίον
171 3526 319 3622 ἐπαρχίαν
334 3521 513 3623 ἐπιδρομαῖς
531 3539 593 3596 τῶν
608 3532 770 3623 Πιρουςῶν
784 3521 932 3624 δῃοῦσθαι
947 3531 1096 3606 ἀκηκοὼς·
1112 3529 1164 3596 καὶ

88 3636 222 3704 ἐνταῦθα
245 3639 423 3726 ςρατιώτας
456 3637 551 3730 ἑκάς-ρ
578 3637 667 3704 πόλει
695 3641 872 3731 ἐπήγγειλε,
895 3636 947 3703 καὶ
970 3634 1098 3713 ἐκείνους
1123 3635 1163 3714 εἰς

88 3746 186 3811 τόπον
217 3745 320 3833 ῥητὸν,
338 3743 486 3810 συνελθεῖν
516 3744 681 3810 ἐκέλευσεν.
709 3721 738 3809 θ
768 3743 916 3835 μαθόντες
939 3742 967 3809 οἱ
981 3745 1163 3836 Πιρουςεῖς,

89 3844 327 3943 πρέσθειςπρὸς·
340 3841 432 3917 αὐτὸν
447 3853 636 3934 πέμπουσιν,
650 3841 737 3916 οὐδὲν
754 3853 873 3916 τούτων
890 3860 973 3941 κοινῇ
988 3848 1164 3941 πεπράχθαι

90 3947 302 4033 διδάσκοντες·
318 3957 385 4022 ἀλλ”
396 3955 540 4050 ἐτοίμους
556 3960 634 4048 σφᾷς
650 3951 723 4022 εἶναι
739 3955 835 4025 παντὶ
855 3957 962 4043 τρόπῳ
986 3948 1072 4027 δίκην
1091 3956 1163 4022 ἀντὶ

89 4073 152 4130 τῶν
170 4064 391 4156 πεπραγμένων
403 4097 405 4104 ·
419 4057 599 4132 ἀποδοῦναι.
621 4047 651 4129 ί)
679 4055 713 4130 δὲ
737 4065 858 4153 Καῖσαρ
879 4064 989 4140 αὐτοὺς
1008 4063 1161 4144 ἀκούσας,

90 4173 222 4264 ὁμήρους
237 4172 413 4264 ἐπήγγειλε,
423 4169 474 4260 καὶΙ
488 4173 573 4249 ἐντὸς
587 4177 680 4262 ῥητῆς
691 4173 807 4262 ἡμέρας
822 4166 947 4262 ἄγεσθαι
962 4162 1159 4263 προσέταξεν·
