3000 5025
305 471 381 545 306
687 472 1008 543 PLUTARCHl

300 606 382 701 χάς,
403 609 510 701 ύςερον
525 598 561 673 δὲ
582 604 633 673 καὶ
660 599 782 699 σφόδρα
804 606 935 685 πιεσθεὶς
957 603 1072 699 ἀπορία
1095 611 1157 673 τῶν
1178 603 1361 700 ἀναγκαίων
1374 604 1396 672 ¹.

301 706 392 783 Ᾰλλά
410 709 492 807 ρίζαν
504 710 515 736 ²
529 710 600 780 τινὰ
612 712 783 791 κόπτοντες
796 713 825 779 οἱ
838 721 1030 805 ςρατιῶται,
1047 711 1100 779 καὶ
1112 711 1248 808 γάλακτι
1267 722 1398 807 φυρῶν·

300 848 364 904 τες,
375 822 610 915 προσεφέροντο,
624 817 676 887 καί
688 844 768 887 ποτε
780 823 833 887 καὶ
847 810 1076 897 διαπλάσαντες
1090 814 1122 898 ἐξ
1136 823 1232 898 αὐτῆς
1244 816 1369 913 ἄρτους
1388 870 1399 903 ,

301 928 353 998 καὶ
381 936 448 1005 ταῖς
476 932 685 1021 προφυλακαῖς
717 934 780 994 τῶν
808 924 961 1018 πολεμίων
994 918 1233 1019 ἐπιδραμόντες,
1256 921 1398 998 έύαλλον

299 1036 370 1105 εἴσω
384 1034 436 1101 καὶ
452 1025 661 1126 διερρίπτουν,
677 1033 885 1127 ἐπιλέγοντες,
904 1039 962 1116 ὡς,
982 1031 1070 1126 ἀχρις
1086 1028 1123 1099 ἀν
1144 1039 1218 1128 ἠγῆ
1239 1036 1400 1111 τοιαύτας

302 1142 410 1236 ἐκφέρῃ
431 1132 530 1232 ρίίας,
546 1144 579 1207 ού
599 1141 772 1207 παύσονται
793 1146 1027 1231 πολιορκοῦντες
1046 1142 1221 1232 Πομπηίον.
1237 1125 1270 1205 ί)
1284 1142 1400 1232 μέντοι

301 1250 465 1339 Πομπιίϊος
477 1247 549 1313 ούτε
563 1248 640 1333 τοὺς,
654 1242 785 1338 ἀρτους,
803 1248 874 1314 οὔτε
898 1247 970 1325 τοὺς
989 1248 1100 1341 λόγους
1123 1247 1171 1314 εἴα
1189 1248 1328 1325 τούτους
1345 1251 1399 1315 ἐκ·

299 1352 440 1447 φέρεσθαι
456 1354 531 1447 πρὸς
546 1354 584 1420 τὸ
597 1352 723 1430 πλῆθος.
740 1338 884 1445 Ηθύμουν
895 1350 957 1447 γὰρ
972 1354 1000 1419 οἱ
1014 1361 1204 1445 ςρατιῶται,
1215 1356 1276 1427 τὴν
1292 1354 1402 1449 ἀγριό·

300 1488 384 1536 τητα
394 1459 447 1528 καὶ
458 1462 514 1533 τὴν
526 1459 673 1527 ἀπάθειαν
685 1470 746 1526 τῶν
755 1458 1028 1553 πολεμίων,ὥσπερ
1039 1452 1398 1553 θηρίων,ύρρωδοῢντες.

301 1558 358 1637 Ᾰεὶ
372 1559 410 1633 δέ
427 1592 505 1643 τινες
523 1565 592 1658 περὶ
610 1574 674 1645 τοῖς
694 1568 821 1660 ἐρύμασι
838 1573 903 1643 τοῖς
924 1561 1090 1659 Πομπηίου
1114 1565 1216 1658 μάχαι
1234 1560 1399 1660 σποράδες

302 1673 468 1770 ἐγίγνοντο·
484 1672 536 1739 καὶ
549 1683 654 1766 περιῆν
672 1673 786 1751 πάσαις
801 1679 817 1740 ό
836 1676 981 1765 Καῖσαρ,
999 1674 1079 1742 πλὴν
1100 1677 1172 1763 μιάς
1182 1659 1207 1756 ⁴,
1221 1674 1251 1739 ἐν
1268 1672 1293 1767 ιρ
1301 1727 1311 1758 ,
1327 1703 1400 1768 τρο-

300 1792 361 1860 πῆς
375 1781 510 1873 μεγαλης
526 1780 704 1873 γενομένης,
719 1764 946 1846 ἐκινδύνευσεν5
961 1779 1111 1846 ἀπολέσαι
1124 1781 1162 1846 τὸ
1178 1774 1397 1874 ςρατόπεδον.

302 1884 467 1980 Πομπηίου
486 1883 543 1979 γὰρ
562 1878 810 1977 προσύαλόντος,
827 1878 926 1964 οὐδεὶς
947 1887 1076 1978 ἔμεινεν,
1090 1884 1171 1954 ἀλλὰ
1199 1886 1252 1953 καὶ
1278 1889 1398 1983 τάφροι

287 1991 559 2084 ’κατεπίμπλαντο
581 1984 796 2083 κτεινομένων,
810 1992 863 2061 καὶ
884 1992 952 2085 περὶ
970 1990 1039 2087 τὀῖς.
1058 1998 1160 2059 αὑτῶν
1179 1999 1397 2089 χαρακώμασι

302 2101 354 2169 καὶ
373 2096 633 2191 περιτειχίσμασιν
649 2098 778 2165 ἔπιπτον
797 2099 992 2191 ελαυνόμενοι
1013 2092 1247 2192 προτροπάδην.
1265 2104 1396 2197 Καῖσαρ

302 2200 332 2274 δ’
349 2197 561 2287 ὑπαντιάζων,
576 2208 720 2296 ἐπειρᾶτο
738 2206 792 2297 μὲν
811 2206 992 2300 ἀναςρέφειν
1015 2207 1087 2284 τοὺς
1110 2210 1303 2303 φεύγοντας,
1324 2212 1397 2278 ἕπε’-

235 2312 238 2317 ’
304 2338 383 2405 ραινε
398 2302 428 2376 δ’
448 2302 546 2377 οὐδέν·
564 2311 631 2377 ἀλλ’
646 2306 931 2404 ἐπιλαμύανομένου
951 2320 1013 2379 τῶν
1027 2312 1160 2406 σημείων
1179 2314 1394 2407 ἀπερρίπτουν

304 2421 332 2487 οἱ
352 2412 549 2510 κομίζοντες,
565 2422 626 2497 ὥςε
647 2408 703 2484 δύο
726 2417 778 2485 καὶ
794 2419 963 2514 τριάκοντα
984 2414 1090 2489 λαόεῖν
1109 2422 1182 2499 τοὺς
1202 2424 1395 2516 πολεμίους,

304 2527 396 2603 αὐτὸς
412 2516 448 2591 δὲ
462 2524 548 2618 παρὰ
567 2529 672 2619 μικρὸν
690 2521 779 2598 ἦλθεν
794 2527 967 2594 ἀποθανεῖν.
988 2515 1086 2620 Ᾰνδρὶ
1103 2526 1162 2623 γὰρ
1187 2529 1319 2624 μεγάλῳ
1345 2533 1396 2600 καὶ

305 2633 469 2726 ρωμαλέῳ,
492 2637 636 2726 φεύγοντι
663 2634 736 2723 παρ’
760 2634 878 2718 αὐτὸν,
896 2629 1051 2701 ἐπιύαλὼν
1078 2637 1136 2709 τὴν
1164 2643 1274 2728 χεῖρα,
1294 2642 1395 2731 μένειν

305 2741 462 2822 ἐκέλευσε,
478 2739 529 2806 καὶ
547 2736 710 2832 ςρέφεσθαι
722 2741 799 2832 πρὸς
821 2740 893 2818 τοὺς
914 2738 1087 2833 πολεμίους.
1112 2726 1211 2823 Οδὲ,
1224 2746 1326 2834 μεςὸς
1354 2747 1394 2814 ὢν

304 2855 444 2938 ταραχῆς
464 2842 550 2936 παρὰ
564 2847 600 2912 τὸ
618 2837 734 2930 δεινὸν,
752 2848 889 2940 ἐπήρατο
904 2849 960 2921 τὴν
977 2846 1150 2940 μάχαιραν,
1166 2854 1206 2926 ὡς
1223 2846 1394 2945 καθιξόμε.

305 2979 365 3030 νος·
383 2950 488 3043 φθάνει
502 2942 532 3017 δ’
553 2957 640 3018 ότοῦ
655 2948 811 3046 Καίσαρος
827 2957 1021 3036 ὑπασπιςὴς,
1035 2952 1197 3046 ἀποκόψας
1215 2960 1319 3026 αὐτοῦ
1340 2962 1394 3029 τὸν

308 3057 401 3151 ὦμον.
418 3060 513 3124 Οὕτω
527 3049 558 3122 δ’
573 3059 695 3152 ἀπέγνω
713 3055 756 3125 τὰ
775 3059 843 3127 καθ’
858 3061 951 3127 αὑτὸν
962 3112 973 3143 ,
985 3063 1059 3142 ὦς’,
1073 3061 1139 3130 ἐπεὶ
1153 3065 1322 3154 Πομπιίέος
1341 3070 1394 3136 ὑπ’

306 3160 463 3242 εὐλαύείας
483 3165 566 3244 τινὸς
579 3163 620 3248 ,ἢ
644 3167 760 3262 τύχης,
782 3165 860 3261 έργῳ
885 3167 1010 3262 μεγάλῳ
1032 3169 1120 3246 τέλος
1141 3173 1198 3236 οὐκ
1222 3172 1394 3258 ἐπέθηκεν,

307 3263 568 3363 ἀλλάκαθείρξας
592 3270 632 3350 εἰς
655 3272 708 3354 τὸν
730 3271 854 3363 χάρακα
873 3274 945 3352 τοὺς
967 3276 1156 3370 φεύγοντας,
1178 3277 1393 3373 ἀνεχώρησεν,

306 3376 386 3448 εἶπεν
403 3372 558 3471 ἀραξπρός
583 3379 656 3457 τοὺς
677 3377 782 3468 φίλους
796 3379 893 3448 ἀπιὼν
913 3386 929 3447 ό
952 3383 1084 3476 Καῖσαρ·
1108 3384 1282 3478 «Σήμερον
1304 3382 1344 3454 ἀν
1373 3393 1391 3462 ἡ

352 3597 375 3632 1.
387 3561 479 3644 ¹Quod
496 3579 569 3631 enim
588 3578 693 3630 auferre
710 3597 766 3630 non
778 3599 827 3651 po·
875 3582 917 3636 Cl.
928 3581 1059 3637 cuvierad
1066 3595 1189 3638 nostrum
1197 3586 1264 3640 Ces.
1275 3599 1297 3641 t.
1311 3590 1391 3653 11,B.

310 3671 397 3712 tuerat
411 3659 506 3730 Pomp.
524 3659 646 3729 proxima
660 3677 765 3729 quaque
783 3680 825 3713 re·
875 3663 906 3717 C.
922 3663 969 3716 lib.
987 3682 1036 3722 111,
1052 3683 1109 3736 cap.
1128 3669 1175 3729 48.

310 3742 402 3812 gione,
418 3739 556 3809 corrumpi
568 3751 713 3792 curaverat.
868 3773 871 3779 ‚
917 3744 943 3796 3.
962 3743 996 3795 Id
1008 3741 1110 3815 (genus
1127 3743 1240 3810 radicis)
1255 3747 1293 3798 ad
1304 3749 1393 3800 simili.

332 3835 380 3874 ·η.
402 3819 492 3880 Chara-
504 3817 653 3888 ,appellatur
667 3817 739 3890 apud
759 3820 824 3874 Caes.
874 3823 979 3874 tudinem
989 3829 1062 3894 panis
1074 3823 1217 3895 efficiebant.
1230 3826 1297 3881 Caes.
1310 3830 1332 3880 1.
1345 3830 1391 3882 cit.
1487 3880 1488 3901 γ

312 3921 362 3969 111,
386 3903 422 3964 48
443 3918 450 3952 :
474 3897 562 3949 Plinio
582 3911 685 3962 autem,
708 3917 770 3964 xlx,
793 3903 825 3965 8,
915 3903 1396 3977 4.Quadere,praeter.Gaes.,adeas·

310 3973 435 4052 Ιεαμσαιιαῖ.
454 3978 529 4032 Hanc
551 3976 667 4031 iadicem
686 3977 827 4052 descripsit
872 3985 992 4054 Appm,
1007 3987 1059 4050 61,
1075 3988 1126 4052 6ο,
1140 3999 1166 4039 et
1178 3985 1231 4038 Dio
1245 3989 1317 4042 Cass.
1333 4007 1390 4042 m.
1486 4014 1488 4043 i

236 4097 238 4102 -
313 4062 435 4126 Clusius,
449 4071 475 4112 et
489 4059 704 4111 vocatTalan'am
719 4061 827 4130 Ungan'·
914 4061 940 4115 ό.
956 4065 1119 4118 Restitutum
1135 4068 1275 4138 eoonject.
1295 4069 1390 4122 Reisk.
1486 4138 1487 4147 ρ

313 4161 375 4194 cam.
387 4137 459 4192 Vide
473 4137 507 4191 de
521 4158 551 4191 σε
564 4137 638 4210 quod
650 4141 787 4193 annotavit
799 4161 825 4195 v.
870 4162 922 4214 pro
937 4144 1036 4214 vulgat.
1047 4141 1199 4200 έκινδλίνιυσι
1211 4150 1265 4217 μέν.
