3000 5025
313 481 386 564 2592
690 463 1003 534 PLUTARCHI

309 627 380 669 κουν
390 597 465 683 ,καὶ
480 598 585 692 μικρὸν
604 596 753 665 ἀπέλιπον
765 597 914 689 Ι’ᾖρηκέναι
927 595 1011 664 κατὰ
1029 593 1158 691 κράτος,
1171 596 1383 689 συντετρωμέ-

306 704 364 774 νων
382 705 547 789 ἁπάντων,
561 704 612 772 καὶ
639 693 724 799 παρὰ
749 696 878 796 δύναμιν
900 706 961 772 ὑπὸ
982 701 1151 797 προθυμίας
1176 702 1383 796 ἀμυνομένωνζ

307 800 354 891 ίὶς
367 804 386 879 δ
389 816 396 843 ’
405 812 520 907 ἠγγέλη
532 820 636 879 ταῦτα
649 820 696 899 τῷ
708 810 843 904 Καίσαρι
853 808 974 903 μακρὰν
987 811 1070 894 ὄντι,
1079 812 1199 902 ταχέως
1214 805 1384 898 ε’πιςρέψας

307 919 360 988 καὶ
377 920 555 1013 συναγαγὼν
578 915 826 1010 ἑπτακισχιλίους
849 919 923 995 τοὺς
946 917 1145 1010 σύμπαντας,
1158 917 1304 1011 ἠπείγετο
1327 916 1387 987 τὸν

305 1028 465 1118 Κικέρωνα
489 1034 546 1103 τῆς
565 1022 740 1119 πολιορκίας
758 1016 1000 1117 ἐξαιρησόμενος.
1018 1026 1101 1103 Τοὺς
1129 1014 1165 1090 δὲ
1184 1029 1384 1117 πολιορκοῦν-

305 1158 364 1210 τας
375 1136 429 1199 οὐκ
440 1131 562 1215 ἔλαθεν,
574 1131 642 1199 ἀλλ’
652 1132 798 1205 ἀπόντων
808 1135 848 1207 ὡς
861 1129 1123 1223 ἀναρπασόμενοι,
1133 1140 1191 1207 τῆς
1199 1130 1384 1224 ὀλιγότητος

306 1242 604 1332 καταφρονήσαντες.
619 1238 769 1314 Κάκεῖνος
783 1230 945 1315 ἐξαπατῶν
959 1237 1124 1332 ὑπέφευγεν
1138 1234 1204 1319 ἀεὶ,
1219 1236 1271 1303 καὶ
1284 1235 1388 1329 χωρία

302 1340 408 1412 λαύὼν
423 1334 603 1422 ἐπιτηδείως
617 1345 729 1436 ἔχοντα
745 1344 827 1447 πρὸς.
839 1343 972 1420 πολλοὺς
990 1345 1156 1437 μαχομένῳ
1172 1346 1241 1436 μετ’
1254 1342 1384 1439 ὀλίγων,

300 1450 475 1547 ’φράγνυται
493 1441 698 1544 ςρατόπεδον·
724 1450 778 1517 καὶ
800 1450 902 1543 μάχης
929 1451 1000 1541 ἔσχε
1021 1452 1093 1529 τοὺς
1117 1454 1229 1520 ἑαυτοῦ
1257 1449 1382 1533 πάσης,

305 1550 465 1653 ἀναγαγεῖν
485 1550 520 1624 δὲ
541 1558 595 1625 τὸν
608 1555 734 1649 χάρακα
745 1555 796 1623 καὶ
812 1554 869 1634 τὰς
882 1558 981 1633 πύλας
995 1547 1217 1650 ἀνοικοδομεῖν,
1228 1560 1269 1635 ὡς
1283 1548 1384 1624 δεδοι-

305 1666 419 1749 κότας,
432 1656 599 1759 ἠνάγκαζε,
610 1662 877 1756 καταφρονηθῆναι
890 1668 1066 1755 ςρατηγῶν.
1080 1666 1198 1756 Μέχρις
1215 1661 1250 1730 οὗ
1264 1663 1387 1757 σπορά-“

304 1762 361 1844 δην
390 1772 449 1837 ὑπὸ
481 1770 608 1864 θράσους
631 1764 905 1864 προσόοιλλοντοιςι
935 1762 1100 1846 ἐπεξελθὼν
1121 1766 1304 1865 Ιἐτρέψατο,
1330 1769 1381 1837 καὶ

303 1879 437 1954 πολλοὺς
456 1880 557 1944 αὐτῶν
575 1868 731 1970 διέφθειρε.
1330 1886 1352 1917 '

309 1992 315 2014 ¹
358 1984 470 2052 XXV.
485 1985 588 2051 Τοῦτο
602 1980 660 2061 τὰς
672 1979 791 2059 πολλοῖς
804 1980 973 2060 ἀποςάσεις
986 1989 1049 2049 τῶν
1062 1980 1214 2051 ἐνταῦθα2
1229 1984 1381 2069 Γαλατῶν

304 2090 504 2181 κατεςόρεσε,
517 2084 639 2157 καὶτοῦ
654 2098 802 2180 χειμῶνος
818 2089 929 2171 αὐτὸς,
941 2091 1106 2179 ἐπιφοιτῶν
1126 2114 1163 2156 τε
1181 2091 1382 2181 πανταχόσε,

303 2195 530 2289 καὶῗπροσέχων
551 2188 642 2272 ὀξέως
655 2201 720 2272 τοῖς
733 2202 955 2286 νεωτερισμοῖς.
969 2195 1033 2261 Καὶ
1049 2192 1108 2290 γὰρ
1121 2194 1192 2270 ἧκεν
1208 2189 1241 2274 ἐξ
1255 2182 1381 2275 Ῐταλίας

299 2300 374 2369 ’ἀντὶ
395 2307 456 2368 τῶν
476 2302 683 2369 ἀπολωλότων
702 2303 788 2386 αὐτῷ
808 2300 881 2393 τρία
896 2301 1063 2395 τάγματα,
1085 2300 1252 2394 Πομπηίου
1270 2304 1326 2395 μὲν
1348 2306 1381 2371 ἐκ

302 2414 366 2473 τῶν
379 2409 433 2499 ὑφ’
454 2413 539 2495 αὐτῷ
558 2398 613 2474 δύο
631 2409 820 2500 χρήσαντος,
840 2403 870 2473 ἓν
894 2398 930 2474 δὲ
948 2409 1164 2476 νεοσύλλεκτον
1187 2411 1220 2475 ἐκ
1238 2418 1297 2487 τῆς
1311 2409 1379 2504 περὶ

304 2504 413 2582 Πάδον
432 2511 599 2593 Γαλατίας.
613 2516 725 2608 Πόρρω
744 2503 780 2580 δὲ
798 2516 918 2581 τούτων
938 2515 970 2582 αἱ
991 2515 1090 2584 παλαι
1109 2510 1380 2610 καταύεῶλημέναι

304 2623 406 2715 κρύφα
417 2621 468 2689 καὶ
478 2622 640 2714 νεμόμεναι
653 2611 706 2687 διά
719 2629 782 2689 τῶν
794 2612 1024 2690 δυνατωτάτων
1037 2613 1155 2716 ἀνδρῶν
1166 2627 1196 2691 ἐν
1212 2631 1278 2702 τοῖς
1292 2650 1380 2716 μαχι·

305 2727 463 2820 μωτάτοις
486 2729 599 2822 γένεσιν
620 2726 713 2822 ἀρχαὶ
733 2738 789 2796 τοῦ
811 2726 939 2822 μεγίςου
957 2728 1010 2795 καὶ
1026 2719 1295 2807 κινδυνωδεςάτου
1316 2739 1377 2798 τῶν

305 2837 370 2902 ἐκεῖ
379 2838 520 2928 πολέμων
535 2833 746 2926 ἀνεφαίνοντο,
756 2834 913 2928 ῥωσθεῖσαι
925 2841 1025 2930 πολλῇ
1039 2836 1092 2927 μὲν
1105 2835 1210 2925 ἡλικίᾳ
1219 2838 1292 2920 ,καὶ
1304 2864 1379 2906 παν-

304 2941 435 3030 ταχόθεν
459 2945 563 3019 ύπλοις
576 2939 787 3034 -ἀθροισθεῖσι,
810 2941 952 3036 μεγάλοις
974 2933 1010 3007 δὲ
1038 2945 1185 3021 πλούτοις
1210 2943 1250 3022 εἰς
1279 2946 1377 3013 ταύτὸ

305 3047 533 3138 συνενεχθεῖσιν,
546 3047 681 3141 ἰσχυραῖς
697 3039 733 3114 δὲ
751 3047 873 3129 πόλεσι,
886 3040 1088 3133 δυσεμύολοις
1107 3039 1142 3116 δὲ
1157 3051 1280 3141 χώραις.
1295 3051 1388 3119 Τότε

305 3145 341 3220 δὲ
355 3160 502 3246 χειμῶνος
516 3157 596 3246 ῶρφι,
610 3152 706 3247 πάγοι
718 3163 884 3245 ποταμῶν,
898 3153 950 3221 καὶ
965 3163 1096 3245 νιφετοῖς
1114 3156 1375 3250 ἀποκεκρυμμένοι

305 3252 432 3353 δρυμοὶ,
453 3257 504 3327 καὶ
530 3252 625 3328 πεδία
651 3259 824 3353 χειμάρροις
854 3262 1147 3354 ἐπιλελιμνασμένα,
1165 3262 1218 3329 καὶ
1242 3273 1287 3357 πῇ
1323 3265 1373 3357 μὲν

304 3367 495 3459 ἀτέκμαρτοι
511 3366 597 3451 βάθει
610 3368 710 3458 χιόνος
730 3364 880 3458 ἀτραποὶ,
894 3377 938 3460 πῇ
953 3359 988 3436 δὲ
1004 3357 1045 3432 δι’
1059 3372 1134 3437 ἑλῶν
1144 3367 1196 3435 καὶ
1217 3370 1373 3463 ῥευμάτων

302 3473 582 3567 παρατρεπομένων
595 3472 727 3564 ἀσάφεια
738 3475 839 3545 πολλὴ
857 3482 914 3551 τῆς
931 3472 1065 3566 πορείας·
1083 3476 1281 3543 παντάπασιν
1307 3469 1375 3547 ε’δό-

303 3605 373 3647 κουν
384 3578 601 3672 ἀνεπιχείρητα
610 3577 745 3674 Καίσαρι
756 3575 799 3644 τὰ
807 3585 869 3646 τῶν
882 3580 1078 3673 ἀφιςαμένων
1091 3589 1197 3652 ποιεῖν.
1208 3571 1386 3674 ᾸφειςηόκειΙ

302 3763 350 3836 qui
371 3774 471 3834 quanto
494 3763 522 3815 in
543 3762 663 3834 periculo
683 3774 741 3813 tum
756 3781 817 3814 ver·
862 3763 942 3816 sentit
953 3782 1014 3819 cum
1023 3764 1081 3837 ipso
1096 3765 1309 3831 caesare‚v,51:
1322 3767 1374 3820 usic

302 3843 473 3908 satuefuetit,
483 3855 510 3895 et
518 3861 570 3914 qua
580 3842 657 3893 illum
666 3855 722 3894 arte
730 3842 818 3895 Caesar
861 3855 966 3895 nostros
985 3856 1198 3912 contemserunt,
1214 3859 1244 3898 ut
1265 3846 1309 3899 alii
1324 3847 1372 3898 val·

301 3921 480 3996 expediverit,
490 3921 580 3976 videas
589 3920 661 3993 apud
671 3922 774 3993 ipsum,
785 3943 816 3988 v,
859 3923 917 3975 lum
930 3941 1012 3975 manu
1023 3922 1159 3990 scindere3
1172 3925 1217 3977 alii
1229 3925 1310 3978 fossas
1322 3927 1370 3977 im·

303 4004 400 4072 38-49
410 4003 480 4068 ,vol.
493 4019 558 4074 1,p.
572 4005 626 4056 208
636 4015 662 4054 et
673 4021 746 4074 seqq·
859 4004 934 4075 plere
943 4003 1172 4075 inciperentvid.
1181 4008 1294 4059 notasin
1302 4006 1371 4060 hune

344 4103 369 4136 1.
397 4085 478 4136 Recte
499 4101 550 4154 pro
576 4081 818 4154 βῶλοντας,φυοᾶ
859 4083 1318 4158 Be100a1.1ocum‚v.1‚pag.m.

307 4163 434 4220 exhibent
451 4162 523 4238 vulg.
540 4163 638 4220 Melius
659 4163 732 4226 enim
742 4182 816 4221 σου·
902 4165 979 4225 2.1n
993 4164 1098 4242 Belgica
1115 4166 1257 4239 precipue.
