3000 5025
515 516 801 584 DIATRIBE.
1178 512 1199 585 ὅ

134 646 219 714 risio
241 648 463 743 ortographia
484 672 628 736 vocum,
660 662 729 717 tam
766 647 941 718 hominum
971 661 1007 717 et
1033 647 1204 738 locorum,

133 776 219 845 quam
241 753 385 823 aliarum
404 780 534 843 rerum,
561 780 635 849 quae
659 752 757 824 facile
780 768 934 849 poterant
957 754 1146 844 emendari,
1166 768 1205 823 ut

133 856 223 927 lector
240 862 332 931 hanc
355 861 535 932 editionem
554 859 667 955 legens
679 886 714 930 se
727 862 872 956 primam
883 860 992 957 legere
1006 864 1097 932 sciat
1113 863 1205 933 Con·

130 966 262 1058 jecturas
281 983 315 1037 et
334 970 582 1057 correctiones,
601 992 684 1062 quas
707 967 862 1064 exigebat
876 971 1053 1058 sententia,
1068 965 1206 1062 singulis

132 1074 246 1166 paginis
265 1066 693 1170 subjecimus*.Speramus
710 1075 811 1169 hujus
834 1073 909 1142 libri
930 1077 1045 1170 paucis
1064 1075 1207 1169 cogniti,

133 1179 259 1250 Simlero
281 1196 378 1251 certe
402 1196 436 1250 et
461 1184 635 1270 Gesnero,
661 1180 917 1277 diligentissimis
951 1179 1014 1250 illis
1044 1180 1207 1250 librorum
1254 1165 1260 1189 ¹

131 1284 375 1381 indagatoribus
398 1290 556 1383 ignorati,
574 1314 636 1359 nec
657 1291 692 1357 in
710 1288 920 1358 bibliothecis
942 1285 1208 1382 locupletissimis

133 1391 255 1463 Gallicis
281 1398 426 1491 reperti,
445 1410 484 1465 ut
507 1398 541 1465 in
569 1395 709 1465 dubium
730 1409 926 1483 vocaretur,
949 1419 1032 1464 num
1058 1418 1208 1488 unquam

132 1501 315 1591 exstitisset,
349 1516 407 1573 aut
427 1501 536 1572 lucem
558 1502 714 1591 vidisset,
737 1502 916 1571 editionem
941 1528 1012 1571 non
1040 1501 1207 1595 ingratam

132 1604 267 1678 suturam
290 1610 487 1680 hominibus
503 1609 589 1679 belle
611 1610 760 1679 curiosis.
783 1610 882 1678 Anno
904 1631 1090 1679 uocxcvu.

164 1988 177 2015 *
196 1988 232 2043 N.
248 1990 283 2043 Β.
307 1988 420 2043 Lector
441 1984 606 2043 benevolus
628 1984 730 2057 adeat,
748 1983 774 2043 si
787 1984 900 2063 placet,
915 1996 1048 2043 nostram
1067 1985 1106 2043 de
1126 1985 1209 2045 Julio

131 2081 205 2140 Celso
220 2083 435 2161 praefationem
451 2082 521 2141 buic
535 2082 681 2143 volumini
696 2083 864 2161 praelixam,
877 2084 909 2141 in
920 2103 981 2162 qua
995 2083 1125 2141 rationes
1140 2083 1209 2161 plu·

130 2178 206 2239 rimas
225 2194 256 2239 et
273 2192 456 2259 argumenta
472 2181 785 2253 commemoravimus,
803 2201 870 2260 quar
889 2200 945 2240 nos
960 2180 997 2239 ab
1012 2181 1148 2239 instituta
1162 2182 1209 2238 via

131 2276 285 2339 Clarissimi
304 2280 372 2338 Viri
386 2284 414 2338 J.
428 2284 464 2338 G.
480 2279 589 2339 Graevii
605 2278 657 2354 diu
674 2277 841 2337 baesitantes
856 2278 1075 2351 deterruerint,
1091 2290 1122 2336 et
1139 2278 1209 2356 qui-
1259 2344 1262 2351 Ι

131 2372 178 2433 bus
202 2377 328 2435 tandem
351 2374 501 2455 impulsi,
524 2375 695 2434 manifestos
724 2395 842 2433 errores
867 2376 1005 2455 loedaque
1031 2375 1210 2435 mendorum

132 2469 367 2552 inquinamenta,
381 2474 491 2553 quibus
505 2473 678 2533 dedecorari
693 2474 813 2554 agnovit
823 2486 854 2533 et
864 2494 967 2552 passus
982 2486 1026 2532 est
1041 2494 1125 2533 suam
1136 2473 1209 2533 Edi·

132 2571 246 2648 tionem,
264 2573 302 2632 in
315 2572 371 2631 bac
391 2585 491 2632 nostra
506 2573 594 2653 longe
610 2572 786 2633 accuratiori
801 2593 916 2632 servare
931 2571 1127 2632 noluerimus.

836 2709 875 2764 N.
888 2709 923 2766 E.
942 2709 1088 2764 Lanius.
