3000 5025
209 454 239 564 ’,
298 468 372 560 εὸη
592 475 630 542 c.
659 474 806 542 JULH
834 416 1072 542 υωεοοιὲ
1111 483 1114 488 ·

294 611 379 692 νέου,
397 610 467 676 οὕτε
485 611 647 704 γέροντος,
663 608 734 674 οὔτε
757 632 791 700 γε
813 614 876 672 τῶν
894 619 1067 700 γυναικῶν,
1082 608 1151 673 ἀλλ’
1165 599 1243 673 οὐδ’
1265 611 1361 675 αὐτῶν

296 724 357 782 τῶν
376 717 488 782 τέκνων
509 715 679 806 ἐφείσαντο.
699 699 744 792 Ως
765 704 800 779 θὲ
819 714 976 805 συνέχοντι
993 713 1104 797 εἰπεῖν,
1119 717 1153 780 ἐκ
1171 721 1234 780 τῶν
1252 739 1363 807 τετρα-

296 823 459 914 κισμυρίων
483 825 512 888 έν
540 833 579 914 τῇ
601 822 689 887 πόλει
713 822 883 914 γενομένων
909 826 1048 910 κεφαλῶν
1073 822 1162 914 μύλις
1190 822 1370 896 ὀκτακόσιοι,
1411 901 1414 906 ¹
1471 846 1472 895 ν

294 918 421 1021 άνθρες,
437 925 465 996 οῖ
483 939 539 1006 τῆς
557 930 682 1019 πρώτης
705 936 839 1022 κραυγῆς
863 936 924 992 τῶν
950 911 1100 1018 Ρωμαίων
1128 921 1365 1011 ἐξακούσαντες,

252 1117 253 1122 ¹
295 1037 406 1112 αὑτοὺς
421 1039 455 1102 ἐκ
473 1046 530 1112 τῆς
549 1035 665 1113 πολεως
684 1032 828 1126 ἔρριψαν,
843 1042 917 1098 σῶοι
935 1034 1012 1126 πρὸς
1032 1034 1086 1101 τὸν
1105 1035 1366 1129 Βερκιγγετύρυγα

294 1143 508 1236 παρεγένοντο.
527 1143 664 1219 Τούτους
684 1131 713 1205 θ’
728 1143 838 1218 ἐκεῖνος
861 1138 939 1230 ἀμφὶ
969 1142 1063 1232 μέσας
1089 1143 1223 1223 νύκτας,
1239 1143 1285 1232 μυί
1303 1167 1365 1223 τις,

294 1247 319 1313 εἰ
334 1247 419 1315 οὗτοι
437 1254 574 1342 ὁρῶντο,
590 1238 643 1313 διὰ
662 1249 699 1313 τὸ
716 1251 818 1313 αὐτῶν
837 1245 950 1331 πάθος,
964 1249 995 1312 ἐν
1014 1256 1060 1333 τῷ
1080 1238 1271 1340 ςρατοπέθῳ
1286 1247 1367 1340 θόρυ-

293 1347 346 1432 ύος
365 1357 501 1449 γένοιτο,
513 1354 614 1446 λάθρα
631 1356 665 1420 ἐκ
685 1364 742 1431 τῆς
760 1363 857 1447 φυγῆς
871 1348 1011 1419 ἄνέλαύε·
1030 1357 1102 1431 τοὺς
1116 1355 1171 1446 μὲν
1193 1353 1252 1448 γὰρ
1272 1359 1366 1421 αὑτοῦ

292 1458 418 1551 φίλους,
433 1461 484 1528 καὶ
506 1461 577 1538 τοὺς
599 1462 712 1538 ἑκάς-ης
730 1461 848 1538 πολεως
866 1459 989 1552 άρίςους
1009 1458 1092 1527 κατὰ
1111 1458 1168 1540 τὰς
1187 1452 1279 1538 ὁθοὺς
1298 1452 1365 1527 θια-

294 1561 408 1651 τάξας,
424 1567 550 1645 ἐκείνους
573 1593 608 1633 τε
629 1557 912 1660 θιακρίνεσθαι,καὶ
930 1569 1005 1661 πρὸς
1021 1566 1038 1634 ὃ
1052 1566 1148 1644 ἑκάς-η
1162 1567 1253 1645 πολις
1274 1569 1365 1659 ἔλαχε

294 1675 383 1765 μέρος
402 1685 459 1740 τοῦ
479 1664 697 1766 ςρατοπέθου,
712 1671 839 1768 ι’ίγεσθαι
856 1676 1043 1765 ἐπεμελεῖτο.

347 1783 471 1848 XXIX.
494 1783 541 1874 Τῇ
562 1772 591 1844 δ’
610 1780 737 1872 ύςεραίᾳ
756 1779 918 1853 ἐκκλησίαν
942 1779 1164 1872 ποιησάμενος,
1181 1782 1253 1858 τοὺς
1272 1785 1365 1848 αὑτοῦ

293 1891 470 1979 ςρατιώτας
503 1887 707 1980 παρεμυθεῖτό
734 1913 768 1954 τε
790 1886 842 1953 καὶ
862 1886 1082 1981 παρεθάρρυνε,
1104 1897 1239 1954 τοιαῦτα
1259 1889 1364 1981 λέγων·

292 1983 382 2060 Ᾱλλά
410 1995 463 2086 μὲν
487 1991 567 2088 γὰρ,
591 1991 615 2059 ὦ
634 1985 765 2085 ἄνδρες,
784 1995 861 2084 ἔφη,
875 1992 1129 2087 τινὶιπολιορκίας
1146 1998 1242 2090 τέχνη
1263 1993 1365 2060 τεκαὶ

241 2163 248 2180 ,
293 2100 449 2192 ἐμπειρίᾳ,
462 2098 497 2178 ’ἧς
512 2098 630 2193 ἄπειροι
644 2099 732 2190 ε’σμὲν
747 2106 848 2192 ἡμεῖς,
863 2099 931 2165 ἀλλ’
947 2103 981 2166 οὐ
996 2101 1082 2194 μάχη
1101 2103 1136 2177 ἐκ
1149 2095 1363 2194 παρατάξεως,

293 2217 343 2274 νῦν
363 2207 390 2273 οἱ
408 2191 545 2299 Ρωμαῖοι
563 2207 745 2299 ἐκράτησαν.
764 2206 960 2293 Σφαλλονται
975 2198 1010 2274 δὲ
1029 2209 1105 2301 πρὸς
1121 2210 1246 2286 τούτοις
1264 2206 1362 2291 οὗτοι,

293 2309 321 2380 οἳ
348 2313 453 2380 πάντα
479 2313 581 2404 σφίσιν
607 2309 639 2380 εὖ
666 2312 913 2406 κατορθώσεσθαι
941 2315 971 2377 ἐν
996 2320 1042 2399 τῷ
1067 2316 1194 2405 πολέμῳ
1214 2305 1362 2381 δοκοῦσιν.

292 2406 373 2511 Ἐμθὶ
389 2410 418 2483 θ’
433 2422 515 2511 ὅμως
529 2424 568 2496 ὡς
576 2422 617 2504 ,οὐ
632 2421 760 2486 πώποτε
775 2421 831 2492 τὴν
846 2407 1001 2511 Ᾰύάρικον
1017 2412 1237 2511 διαφυλάττειν
1253 2413 1362 2504 ἔδοξεν,

293 2531 371 2619 ὑμεῖς
385 2530 496 2604 αὐτοὺς
516 2526 583 2619 περὶ
601 2528 715 2593 τούτου
734 2526 891 2619 μάρτυρας
909 2537 1067 2619 ποιοῦμαι.
1081 2516 1172 2593 Ᾰλλιὶ
1190 2555 1230 2621 τη
1249 2552 1285 2594 τε
1305 2537 1363 2596 τῶν

292 2632 484 2727 Βιτουρίγων
499 2633 666 2727 ἀφροσύνη,
685 2633 736 2699 καὶ
759 2642 800 2725 τῇ
821 2630 899 2727 άγαν
918 2643 980 2698 τῶν
1000 2631 1100 2701 ἄλλων
1120 2634 1248 2700 Γάλλων
1271 2636 1367 2703 πειθοῖ

292 2750 386 2807 τοῦτο
414 2733 523 2813 συνέύη
550 2740 587 2807 τὸ
612 2732 790 2832 θυςύχημα·
814 2737 830 2806 ὂ
857 2742 938 2830 ὅμως
957 2746 1081 2817 πολλοῖς
1102 2737 1206 2819 ἄλλοις
1234 2767 1284 2833 μει
1304 2767 1361 2809 οσιν

293 2846 418 2940 ἀγαθοῖς
433 2872 485 2928 τε,
498 2846 550 2912 καὶ
564 2846 718 2936 ὠφελείαις
733 2846 918 2931 θεραπεύσω·
934 2842 991 2923 τὰς
1006 2847 1060 2938 μὲν
1074 2844 1133 2941 γὰρ
1147 2858 1198 2914 νῦν
1213 2849 1266 2938 ἀφ’
1280 2855 1361 2941 η’μῖιν

293 2953 454 3051 ἀφεςμύσας
481 2963 538 3031 τῆς
559 2953 716 3029 Γαλατίας
736 2953 841 3031 πύλεις
866 2954 1100 3045 ἐπιμελούμενος
1126 2958 1364 3049 παραςησομαι,

293 3057 344 3125 καὶ
359 3061 561 3153 ὁμογνώμονα
574 3062 630 3132 τὴν
654 3056 811 3126 Γαλατίαν
826 3062 928 3126 πᾶσαν
948 3063 1127 3151 ποιήσομαι·
1147 3070 1165 3153 ἡ
1184 3067 1362 3155 ὁμογνωμο-

292 3170 401 3258 νούση,
420 3157 487 3232 οὐθ’
507 3161 542 3233 ἂν
564 3169 713 3256 σύμπασα
729 3170 748 3238 η
768 3165 927 3257 οἰκουμένη
947 3157 1073 3233 δύναιτο
1092 3167 1243 3259 ἀντέχειν.
1263 3172 1360 3236 Τοῦτο

293 3263 323 3338 θ’
338 3264 399 3345 ἤδη
420 3258 526 3364 σχεθον
546 3272 763 3367 άπείργασμαι·
783 3274 859 3366 πρὸς
879 3274 999 3351 τούτοις
1014 3265 1043 3338 θ’
1057 3278 1126 3365 ὑμῖν
1145 3268 1362 3366 συμύουλεύω,

291 3386 342 3443 νῦν
361 3389 418 3445 τοῦ
438 3382 595 3473 κρατύνειν
616 3382 653 3448 τὸ
672 3371 888 3472 ςρατύπεθον,
904 3380 979 3471 πρὸς
1002 3381 1039 3447 τὸ
1058 3376 1115 3458 τὰς
1131 3372 1285 3471 αἱφνιθίας
1304 3384 1362 3449 ἀπ-

292 3484 397 3579 είργειν
418 3496 479 3551 τῶν
504 3484 656 3577 πολεμίων
679 3479 871 3571 προσύολὰς,
893 3476 1092 3577 άρχεσθαι.0
1111 3488 1165 3579 μὲν
1186 3484 1237 3554 οὖν
1258 3480 1363 3555 τοιάθε

289 3586 399 3669 ἔλεξεν.
669 3582 676 3593 “

345 3702 455 3766 XXX.
471 3702 559 3772 Αὕτη
579 3700 652 3791 πρὸς
675 3700 746 3776 τοὺς
764 3700 901 3775 Γάλλους
918 3700 1043 3792 μέγιςον
1060 3705 1079 3773 ἡ
1097 3710 1154 3766 τοῦ
1170 3700 1362 3794 Βερκιγγετύ·
1409 3759 1414 3770 .

294 3832 381 3900 ρυγος
395 3796 528 3880 ἡθυνηθη
552 3812 570 3878 ἡ
595 3796 789 3900 δημηγορία,
803 3803 924 3896 μάλιςα
944 3798 979 3872 δὲ
998 3806 1050 3871 καὶ
1063 3809 1112 3872 ὅτι
1129 3810 1213 3872 ούτω
1230 3797 1362 3897 θυςυχή·

293 3938 367 3992 σας,
385 3914 456 3978 ούτε
471 3912 524 4004 μὲν
543 3906 672 4003 ε’κρύύη,
688 3914 758 3978 ούτε
773 3938 807 4006 γε
822 3915 857 3977 ἐκ
869 3921 925 3988 τῆς
941 3922 997 3979 τοῦ
1014 3912 1107 4003 ὄχλου
1122 3910 1221 4002 ὅψεως
1241 3907 1359 4004 ἐκρύύη.

292 4008 382 4084 Ᾱλλὰ
396 4018 447 4085 καὶ
460 4021 600 4104 τοσούτῳ
615 4023 733 4110 μᾶλλον
750 4026 887 4110 προνοεῖν
903 4044 954 4099 τε,
969 4017 1021 4085 καὶ
1034 4024 1166 4111 προορᾷν
1182 4020 1220 4089 τὸ
1236 4024 1361 4112 πρᾶγμα

291 4116 410 4209 ἐδόκει,
434 4129 495 4212 ὅσῳ
515 4124 653 4217 ἀκεραίου
681 4126 726 4192 ἔτι
752 4128 839 4202 ὄντος
865 4126 1141 4219 τοῦπράγματος,
1166 4124 1361 4220 πρῶτονμὲν
