3000 5025
314 459 361 532 32
532 460 560 525 J.
590 456 746 526 CELSI
777 444 1171 524 COMMENTARII

311 586 470 663 indomiti
490 592 657 660 Germani
670 595 761 659 inter
776 611 878 656 arma
892 593 1004 683 gemti
1021 604 1058 657 et
1073 594 1210 675 nutm'ti,
1230 584 1325 659 dumi
1340 587 1395 661 nd

311 699 450 771 imbrem
465 712 502 765 et
521 696 574 765 ad
592 698 698 767 solem
710 696 835 788 jacere
852 696 949 763 soliti
951 749 963 782 ,
981 701 1043 789 qui
1051 695 1134 788 jam
1152 698 1266 765 mrdtr's‘
1286 704 1389 767 arinis

304 806 375 877 sub
396 818 485 873 tecto
505 826 576 873 non
584 804 741 896 suerint,
763 817 886 871 nonna
904 825 1038 871 omnem
1056 798 1193 896 gentem
1218 802 1306 873 bem
1328 828 1390 873 vn·

310 916 416 983 kant.
435 912 495 979 His
513 912 677 978 intentum
699 910 886 997 Caesarem,
908 907 1092 979 AEdnornm
1118 923 1152 979 et
1171 911 1387 993 Trevirorum

307 1044 378 1089 uno
397 1032 548 1112 tempore
566 1015 745 1111 legationes
764 1015 980 1083 advenerunt.
1000 1015 1099 1083 AEdui
1116 1015 1199 1085 linas
1217 1042 1295 1085 suos
1312 1042 1386 1087 vas·
1457 1093 1464 1105 ‚

293 1118 372 1194 ¹tari
387 1126 483 1193 novis
493 1122 635 1218 populis,
650 1148 669 1191 e
684 1124 865 1191 Germania
876 1144 985 1215 nuper
999 1123 1034 1189 in
1044 1121 1170 1191 Gallias
1178 1112 1387 1212 transvectis,

308 1230 541 1327 querebantur.
557 1231 685 1299 Treviri
702 1228 868 1308 infinitam
879 1226 1125 1297 multitudinem
1140 1232 1327 1299 Suevorum
1342 1230 1387 1298 ad

307 1339 418 1407 Rheni
441 1339 529 1431 ripas
549 1334 856 1415 duorumfratrum
877 1337 1017 1429 imperio
1041 1337 1232 1429 pervenisse
1253 1339 1385 1405 nuntia·

306 1446 408 1529 bant,
434 1445 677 1537 transitumque
694 1442 815 1512 moliri.
833 1442 894 1511 His
917 1441 1108 1510 rumoribus
1134 1444 1247 1511 Caesar
1267 1468 1383 1537 exper-

307 1566 431 1638 rectus,
445 1576 487 1619 ne
506 1549 730 1645 conjungendi
749 1550 863 1644 copias
874 1548 970 1617 daret
986 1548 1139 1618 hostibus
1152 1552 1316 1643 spatium,
1332 1576 1385 1619 ex·

306 1658 508 1755 peditissime
523 1658 689 1751 dispositis
704 1658 825 1750 quaein
844 1680 916 1724 rem
933 1670 1046 1744 erant,
1065 1654 1233 1724 festinanti
1251 1659 1384 1751 agmine

305 1768 341 1835 in
353 1766 564 1835 Ariovistum·
572 1764 805 1859 proficiscitur.
818 1766 838 1832 J
838 1786 893 1831 am
906 1762 1009 1832 tridui
1022 1764 1085 1831 iter
1098 1775 1268 1857 exegerat,
1279 1789 1383 1857 quum

304 1896 475 1967 egressum
487 1871 580 1940 illum
590 1870 780 1958 linibus,ad
789 1869 900 1938 nobile
908 1872 1140 1963 Sequanorum
1146 1870 1308 1964 oppidum
1322 1875 1386 1939 Ve-

305 1982 501 2048 suncionem
521 1974 775 2072 occupandum,
794 1978 922 2071 ingenti
946 1998 1024 2046 cum
1039 1978 1187 2045 exercitu
1202 2002 1383 2071 properare

305 2086 477 2180 comperit.
486 2084 589 2174 Quod
598 2083 914 2153 summosibistudio
924 2083 1170 2178 prohibendum
1180 2098 1272 2153 ratus
1283 2100 1382 2173 erat,

301 2216 411 2286 quum
425 2189 625 2261 essetlocus
647 2205 681 2259 et
702 2190 847 2259 lluminis
867 2191 1015 2275 ambitu,
1032 2204 1065 2258 et
1086 2191 1144 2259 ubi
1162 2190 1286 2259 flumen
1305 2216 1382 2261 eum
1406 2222 1414 2239 ·

290 2298 444 2385 deserit,
458 2312 617 2367 montana
626 2322 702 2367 arce
716 2296 955 2384 validissimus,
970 2297 1106 2391 insuper
1114 2311 1149 2366 et
1160 2322 1272 2380 rerum
1285 2302 1383 2393 copia

304 2405 398 2474 bellis
417 2407 621 2500 aptissimus:
632 2405 743 2473 ilectit
757 2406 834 2492 iter,
848 2419 882 2473 et
895 2418 1010 2472 noctes
1027 2403 1144 2473 diebus
1162 2406 1382 2495 interserens,

304 2515 455 2582 maximis
465 2513 637 2581 itineribus
644 2514 996 2600 Vesuncionem,-ante
1011 2514 1097 2606 regis
1111 2510 1303 2601 adventum,
1310 2539 1382 2608 per-

303 2622 413 2708 venit,
437 2619 599 2715 oppidum
619 2621 840 2714 introgressus
862 2618 1021 2715 praesidiis
1043 2621 1240 2714 opportunis
1258 2621 1379 2690 firmat.

303 2729 367 2796 Hic
385 2752 467 2797 vero
485 2728 667 2796 exercitum
683 2750 861 2796 romanum
881 2721 1083 2796 incredibilis
1101 2750 1218 2795 rumor
1244 2743 1382 2796 tremor

302 2860 367 2929 que
393 2849 602 2929 pervaserat,
624 2835 755 2902 initimn
782 2834 918 2902 trahens
950 2857 970 2900 a
1002 2833 1219 2928 quibusdam,
1244 2837 1321 2928 qui,
1342 2849 1382 2904 ut

303 2941 361 3028 fit,
381 2944 546 3010 Caesarem
567 2965 637 3008 non
658 2942 720 3009 nisi
736 2942 898 3010 amicitiae
915 2941 992 3034 jure
1017 2942 1207 3035 prosecuti,
1228 2939 1381 3035 belloque

302 3049 483 3142 inexperti,
506 3061 604 3141 atque
626 3047 703 3115 ideo
727 3047 769 3115 ad
791 3050 904 3116 omnia
921 3048 1143 3140 trepidantes,
1162 3046 1277 3117 Gallos
1300 3073 1381 3142 pras

302 3155 400 3248 cipue
422 3168 623 3222 mercatores
649 3153 691 3221 de
713 3168 802 3223 statu
823 3155 971 3224 bostium
992 3153 1122 3222 assidue
1144 3155 1378 3247 inquirebant:

303 3259 480 3354 auditaque
495 3258 583 3328 mole
601 3284 801 3354 corporum,
818 3262 1002 3330 acvirtute
1022 3273 1056 3326 et
1077 3261 1279 3352 experientia
1299 3264 1380 3330 Ger·

302 3390 499 3455 manorum,
520 3368 813 3461 quotiesquecum
838 3367 890 3436 his
912 3364 1087 3435 Gallorum
1109 3368 1274 3435 exercitus
1302 3393 1380 3436 con·

301 3473 499 3561 currissent,
518 3488 734 3568 conspectum
749 3497 868 3541 eorum
890 3470 1032 3541 tolerare
1049 3473 1254 3564 nequivisse,
1267 3474 1380 3567 ingen·

301 3595 370 3649 tem
382 3580 592 3650 formidinem
600 3595 710 3649 mente
722 3592 966 3673 conceperant,
986 3580 1157 3670 territique
1180 3576 1261 3646 alios
1279 3592 1380 3648 terre·

302 3688 392 3756 bant.
404 3685 663 3780 Jamque,velut
671 3687 869 3778 contagione
878 3682 1132 3777 quadam,totis
1143 3686 1260 3753 castris
1268 3685 1378 3756 effuso

301 3809 409 3881 metu,
425 3793 656 3882 alii,simnlatis
674 3794 783 3860 causis
804 3792 997 3860 necessarie
1017 3791 1378 3886 profectionis,missio

298 3925 378 3968 nem
390 3900 601 3994 flagitabant3
616 3897 696 3966 alios
713 3897 823 3991 pudor
840 3897 929 3968 solus
946 3898 1156 3986 continebat,
1171 3899 1229 3969 sed
1245 3901 1377 3968 tristitia

296 4009 369 4076 oris
381 4057 384 4064 ·
398 4005 625 4099 etinterdum
643 4003 798 4098 lacrymis
818 4022 946 4076 nietnm
971 4006 1227 4100 vecordiamque
1257 4019 1377 4074 testan-

300 4113 398 4186 tibus.
416 4116 462 4182 Et
475 4114 545 4206 jam
562 4110 654 4206 vulgi
677 4111 856 4208 trepidatio
873 4114 916 4184 ab
939 4113 1141 4185 inhabilibus
1163 4111 1207 4182 ad
1224 4113 1376 4206 egregios
