3000 5025
277 490 587 562 INTERPRES
615 490 857 559 GRAECUS.
885 493 977 561 LIB.
1006 496 1032 563 1.
1116 494 1191 592 369

114 628 232 705 ταύτας
244 627 358 721 λέγειν,
370 627 428 715 οὐχ
442 617 503 690 οίύν
519 625 549 690 τ’
559 617 633 689 εἶναι
648 623 720 700 τοὺς
738 624 929 716 Γερμανοὺς,
947 626 971 692 εί
984 629 1113 721 πρόσθεν
1128 658 1195 699 νου.

114 733 223 827 μηνίας
242 731 344 825 μάχην
360 729 558 812 συνάπτοιιν,
577 724 672 818 νιιιφῖν·
689 728 740 797 καὶ
762 720 816 798 διὰ
836 740 931 797 τοῦτο
953 734 1007 801 τὸν
1026 723 1193 829 Ᾱριύύις-ον

113 844 148 907 οὐ
171 833 349 933 συμύαλιῖν.

166 948 224 1015 LI.
241 947 290 1039 Τῇ
304 945 358 1037 μὲν
374 938 423 1009 οὖν
439 939 565 1035 ὑςεραίᾳ
577 947 594 1009 ὁ
607 944 727 1035 Καῖσαρ
744 941 876 1036 φρουρὰν
890 944 993 1020 ἱκανὴν
1010 949 1194 1045 ἀμφοτέροις

98 1039 624 1143 1καταλιπὼντοῑςςρατοίτέδοις,
646 1049 766 1126 πάντας
793 1041 829 1115 δὲ
855 1055 926 1129 τοὺς
952 1052 1063 1135 ἱππέας
1085 1060 1120 1124 ἐκ
1138 1068 1195 1125 τοῦ

113 1149 314 1252 ςρατοπέδου
328 1150 504 1250 ἐξαγαγὼν,
519 1158 588 1222 ὅσον
605 1154 664 1222 ὑπὸ
680 1162 741 1222 τῶν
757 1156 911 1249 πολεμίων
927 1161 1038 1241 αὐτοὺς
1052 1164 1194 1256 ὁρᾶσθαι,

110 1266 159 1333 ἵνα
177 1268 228 1332 ὅτι
248 1262 368 1359 ὀλίγους
385 1262 597 1357 ταγματικοὺς
618 1264 797 1353 ςρατιύτας
813 1270 896 1330 κατά
914 1291 948 1359 γε
966 1269 1004 1334 τὸ
1017 1277 1080 1337 τῶν
1101 1274 1194 1338 πολε-

112 1370 188 1462 μίων
208 1369 327 1448 πλῆθος
351 1363 446 1460 εἶχεν,
466 1370 589 1446 τούτοις
612 1369 687 1460 πρὸς
711 1365 780 1457 ὄψιν
802 1370 893 1461 μόνον
918 1374 948 1436 έν
966 1382 1031 1452 τοῖς
1054 1377 1194 1471 πλαγίοις

109 1481 277 1571 χρήσηται·
292 1477 385 1553 αὐτὸς
405 1466 440 1540 δέ
453 1484 545 1569 τριχῇ
565 1476 621 1547 τὴν
636 1473 769 1567 ςρατιὰν
783 1476 1005 1569 ποιησάμενος,
1020 1484 1124 1575 μέχρις
1145 1487 1194 1552 ἐπ’

14 1648 15 1655 ,
110 1586 187 1653 αὐτὸ
209 1585 249 1651 τὸ
270 1594 332 1650 τῶν
356 1581 508 1673 πολεμίων
525 1572 720 1673 ςρατύπεδον
740 1582 901 1674 προῆλθεν,
923 1570 1070 1655 Ενταῖθά
1092 1616 1141 1657 τοι
1167 1592 1194 1659 οἱ

111 1689 264 1785 Γερμανοὶ
276 1684 448 1783 ἀναγκαίως
462 1689 497 1754 ἐκ
517 1697 574 1755 τοῦ
588 1678 787 1779 ςρατοπέδου
802 1692 858 1762 τὴν
874 1700 956 1781 σφῶν
977 1694 1108 1786 ςρατιάν
1123 1691 1194 1775 ε’ξη-
1256 1707 1258 1711 ’

108 1823 226 1893 γαγον,
241 1794 325 1880 κατὰ
339 1794 436 1886 φυλάς
451 1819 486 1862 τι
501 1784 646 1871 διέταξαν
666 1787 698 1871 ἐξ
710 1792 777 1861 ίσου
791 1795 932 1871 ἀλλύλων
948 1801 1020 1878 τοὺς
1034 1791 1194 1895 Ᾰρούδας,

109 1907 183 1984 τοὺς
196 1903 459 1995 Μαρκομάννους,
474 1906 546 1978 τοὺς
561 1894 744 1991 Τριύύκυυς,
760 1905 832 1979 τοὺς
847 1902 1031 1998 Βαγγίονας,
1047 1912 1118 1987 τοὺς
1131 1913 1195 1998 Νη-

109 2010 221 2104 μίτας,
237 2010 309 2087 τοὺς
331 2000 516 2084 Σηδουσίους
539 2032 589 2089 τε,
602 2006 654 2072 καὶ
672 2008 743 2084 τοὺς
767 2008 911 2087 Σουεύους
923 2060 932 2093 ,
946 2013 1048 2079 πᾶσάν
1076 2042 1111 2082 τε
1135 2020 1192 2091 τὴν

110 2128 195 2209 σφῶν
208 2110 316 2198 τάξιν,
329 2118 372 2207 μή
385 2140 432 2191 τις
447 2122 544 2207 φυγῆς
556 2112 640 2191 ἐλπὶς
653 2110 810 2195 λείποιτο,
820 2114 949 2207 φορείοις
963 2145 997 2185 τε
1012 2118 1064 2186 καὶ
1078 2123 1193 2216 ἅρμασι

107 2224 312 2318 περιέςησαν,
326 2220 378 2287 καὶ
393 2219 523 2287 ἐνταῦθα
537 2216 595 2297 τὰς
608 2225 753 2314 γυναῖκας
778 2216 975 2305 ἀνεβίύαοαν.
995 2222 1038 2292 A?
1054 2218 1193 2321 δρυπτό-

106 2329 199 2424 μεναί
211 2354 247 2395 τι
262 2327 313 2396 καὶ
327 2324 384 2404 τάς
400 2334 501 2419 χεῖρας
521 2326 596 2418 πρὸς
615 2326 687 2403 τοὺς
701 2328 879 2418 ςρατιώτας
903 2332 1096 2424 ὀγερύμιναι,
1111 2342 1191 2403 πάν-

104 2464 163 2518 τας
181 2437 329 2519 ἱκέτευον,
341 2438 404 2522 ὅτῳ
419 2432 641 2528 ἐντυγχάνοιεν,
651 2433 693 2526 μη
709 2434 839 2526 φεύγειν,
848 2434 888 2513 εἰς
901 2439 959 2509 τὴν
974 2429 1114 2507 δουλείαν
1129 2452 1191 2511 τῶν

106 2531 261 2639 Ῥωμαίων
287 2540 520 2618 καταλιπόντας
547 2537 646 2630 σφοῖς,
671 2539 739 2604 ἀλλ’
768 2529 955 2630 ἀμύναικαὶ
983 2551 1106 2625 ἑαυταῖς
1139 2551 1192 2616 καὶ

106 2651 210 2744 σφίσιν
226 2654 342 2727 αὐτοῖς.
642 2665 645 2672 ’

158 2759 240 2827 LII.
254 2736 339 2822 Evoa
355 2747 395 2828 δὴ
409 2759 427 2820 ύ
439 2757 560 2845 Καῖσαρ
580 2753 701 2830 ἑκάςοις
721 2753 776 2844 μὲν
790 2753 945 2848 τάγμασιν
960 2759 1098 2851 ὕπαρχον
1118 2764 1188 2829 έπέ-

105 2891 216 2948 ςησεν,
231 2864 282 2928 ἵνα
298 2859 383 2928 οὗτοι
398 2859 548 2954 μάρτυρες
562 2869 618 2937 τῆς
633 2859 746 2936 ἑκάς-ου
761 2861 896 2953 γένοιντο
908 2862 1028 2952 ἀρετῆς·
1047 2869 1138 2946 αὐτὸς
1153 2859 1188 2936 δὲ

104 2976 139 3040 έκ
159 2981 221 3039 τοῦ
238 2961 339 3047 δεξιοῦ
352 2968 497 3060 κέρατος,
515 2974 609 3032 τοῦτο
623 2967 660 3033 τὸ
676 2966 766 3058 μέρος
779 2974 842 3031 τῶν
860 2967 1014 3059 πολεμίων
1029 2972 1188 3053 ἀσθενές-ε.

106 3105 155 3172 ρον
180 3073 258 3146 εἶναι
278 3066 435 3156 κατιδὼν,
450 3071 553 3164 μάχην
568 3069 692 3161 συνῆψε.
708 3073 845 3146 Τοιαύτη
867 3063 897 3136 δ’
914 3077 1033 3169 ε’γινέτο
1050 3085 1069 3153 η
1089 3083 1186 3174 μάχη·

104 3195 235 3278 πρῶτον
248 3181 302 3274 μὲν
316 3179 374 3275 γὰρ
388 3179 416 3246 οἱ
429 3165 566 3271 Ρωμαῖοι
577 3177 739 3270 προθύμως
749 3179 786 3244 τὸ
799 3177 937 3272 σύνθημα
948 3177 1112 3270 λαύοντες,
1123 3195 1187 3268 τοῖς

102 3288 264 3382 πολεμίοις
273 3279 573 3382 ἐπέδραμονέπειτα
583 3277 1034 3376 δὀἱπολέμιοιτάχιςααύτοῖς
1044 3294 1186 3380 ἐπῆλθον,

102 3403 167 3476 ὥςε
187 3397 303 3487 σχολὴν
313 3401 377 3472 τοῖς
387 3377 539 3484 Ρωμαίοις
550 3400 607 3458 τοῦ
621 3388 663 3456 τά
677 3391 807 3458 ἀκόντια
819 3391 859 3469 εἰς
879 3395 990 3472 αὐτοὺς
1003 3397 1133 3487 ἀφιέναι,
1143 3407 1184 3494 μὴ

102 3497 226 3573 δοῦναι.
237 3501 279 3566 Οἱ
288 3503 341 3592 μέν
352 3524 401 3565 τοι
410 3483 546 3590 Ρωμαῖοι
555 3496 639 3575 εὐθὺς
650 3495 690 3562 τὰ
702 3489 823 3590 δόρατα
831 3491 1115 3592 ἀπορρίψαντες,έκ
1125 3535 1186 3600 χει.

102 3613 154 3706 ρὸς
172 3614 238 3686 τοῖς
254 3601 351 3698 ξίφεσι
371 3595 507 3681 συςαδὸν
520 3603 685 3695 ἐμάχοντο·
697 3604 727 3670 οἱ
739 3595 775 3670 δὲ
789 3606 938 3696 Γερμανοὶ
952 3611 1044 3701 ταχὺ,
1054 3612 1184 3685 κατὰτὸ

103 3722 213 3793 αὐτοῖς
235 3711 377 3795 σύνηθες,
395 3709 435 3787 είς
452 3717 554 3803 χεῖρας
578 3712 688 3786 αὐτοὺς
709 3701 873 3795 ἐδέξαντο,
888 3712 928 3790 εἰς
942 3714 1089 3813 φάλαγγα
1103 3747 1183 3814 ταχ-

100 3825 219 3900 θέντες.
234 3807 387 3913 Ῐίγένοντο
407 3808 436 3881 δ’
450 3815 582 3882 ἐνταῦθα
599 3816 707 3882 πολλοὶ
727 3826 787 3881 τῶν
803 3828 1006 3910 ςρατιωτῶν,
1026 3822 1054 3890 οἲ
1073 3825 1112 3903 είς
1127 3836 1183 3904 τήν
1251 3847 1254 3852 ·

100 3932 256 4023 φάλαγγα
277 3934 338 3993 τῶν
360 3920 513 4013 πολεμίων
532 3913 793 4005 εἰσπηδήσαντες,
810 3924 868 4001 τάς
885 3928 915 3990 τ’
929 3921 1064 4008 ἀσπίδας
1082 3937 1182 4002 αὐτῶν

101 4041 140 4104 ἐκ
154 4043 220 4103 τῶν
233 4039 342 4126 χειρῶν
358 4031 560 4112 ἀπεσπῶντο,
573 4028 624 4094 καὶ
639 4032 748 4105 αὐτοὺς
768 4029 962 4123 ἐτίτρωσκον.
980 4020 1182 4110 Ηττηθέντων

102 4136 160 4227 δὲ,
175 4139 262 4208 κατὰ
277 4140 313 4206 τὸ
327 4139 477 4230 εὐώνυμον
496 4145 579 4226 σφῶν
592 4135 692 4226 κέρας,
706 4142 768 4202 τῶν
783 4136 947 4229 πολεμίων,
961 4142 1045 4209 κατὰ
1058 4148 1095 4213 τὸ
1108 4151 1182 4214 εὐώ.

101 4274 201 4342 νυμον
214 4253 281 4314 τῶν
290 4231 440 4336 Ῥωμαίων
452 4243 541 4335 κέρας
555 4251 601 4328 τῷ
615 4249 697 4332 σφῶν
712 4241 820 4314 πλάθει
839 4243 968 4337 ἰσχυρῶς
983 4253 1094 4330 αὐτοὺς
1108 4254 1185 4322 ἐπέρ.

168 4384 238 4450 HI:
977 4385 1025 4466 οἷς
