3000 5025
329 500 406 590 450
476 547 480 554 ·
627 503 665 570 C.
693 501 837 570 JULll
865 501 1106 570 CAESARls

326 638 382 706 τὸν
404 637 583 731 Κικέρωνα,
596 633 647 702 καὶ
665 635 719 702 τὸν
742 624 841 727 δῆμον
856 640 917 700 τῶν
932 619 1082 725 Ῥωμαίων
1100 634 1227 725 ἔχομεν,
1241 635 1296 709 ὦς’
1309 621 1387 699 οἰδὲν

327 748 452 826 αὐτοῖς,
471 745 550 817 πλὴν
571 742 670 834 μόνων
690 750 752 807 τῶν
771 731 959 832 χειμαδίων,
974 734 1187 834 έξαρνούμεθα·
1207 742 1322 812 ταύτην
1337 737 1390 832 γὰρ

326 849 377 918 ἰπὶ
391 851 470 918 πολὺ
484 849 620 942 ἐμμένειν
646 849 704 921 τὴν
729 846 886 921 συνήθειαν
910 850 945 914 ού
969 842 1152 939 θουλόμεθα·
1168 839 1269 923 ἔξεστι
1287 837 1316 912 δ’
1329 850 1392 937 ύμῖν

326 956 352 1024 εἰ
373 949 533 1040 θούλεσθε,
548 957 645 1033 σύους
663 955 697 1021 ἐκ
715 963 778 1021 τῶν
796 944 964 1046 χειμαδίων
981 948 1265 1047 (συγχωρουμένων
1284 947 1391 1045 ημὸν)

326 1057 522 1146 ἐξελθόντας,
544 1055 668 1153 άφόέως
693 1064 771 1128 ὅπου
801 1055 838 1128 ἰιν
866 1059 984 1128 θελοιτε
1005 1061 1137 1128 ἀπιέναι.
1159 1059 1201 1124 Οἱ
1220 1059 1275 1151 μὲν
1297 1068 1393 1126 ταῦτα

323 1171 471 1263 ἔλεγονό
494 1160 529 1236 δὲ
552 1169 701 1261 Κικέρων·
727 1171 783 1234 οὐκ
806 1165 943 1234 ἐἰωθέναι
966 1169 1039 1245 τοὺς
1065 1152 1227 1259 Ρωμαίους
1251 1164 1391 1242 συνθήκην

323 1273 395 1344 τινὰ
418 1276 492 1367 παρ’
510 1274 708 1366 ὡπλισμένων
734 1265 880 1366 δέχεσθαι
908 1281 970 1340 τῶν
999 1272 1165 1366 πολεμίων.
1192 1271 1232 1339 Εἰ
1264 1264 1306 1355 δ’,
1320 1273 1390 1363 ἔφη,

321 1380 365 1450 τὰ
391 1384 474 1450 όπλα
505 1380 722 1463 καταθύσετε,
746 1382 880 1476 συνέργῳ
906 1405 959 1472 μοι
992 1381 1069 1473 πρὸς
1095 1389 1191 1447 τοῦτο
1218 1378 1329 1471 χρῆσθε
1357 1378 1390 1444 τὸ

323 1494 473 1581 πρᾶγμα,
488 1487 541 1555 καὶ
553 1481 693 1581 πρίσέεις
715 1485 802 1581 παρὰ
822 1489 877 1555 τόν
895 1485 1042 1580 Καίσαρα
1058 1488 1197 1579 περὶτοῦ
1215 1485 1390 1581 πράγματος

322 1596 436 1662 τούτου
464 1597 613 1686 πέμπετε·
636 1586 750 1673 ἐλπίζω
777 1594 832 1686 μὲν
864 1590 923 1687 γὰρ
956 1597 1087 1676 ἐκεῖνον,
1113 1583 1169 1659 διὰ
1196 1596 1255 1666 τὴν
1288 1597 1390 1659 ἑαυτοῦ

321 1692 526 1785 δικαιότητα,
543 1706 613 1794 ὑμῖν
627 1695 649 1766 ἃ
663 1699 779 1767 αἰτεῖτε
795 1703 1005 1795 ὁμολογήσειν.

374 1808 485 1876 XLII.
499 1809 625 1884 Ταύτης
645 1798 680 1872 δὲ
699 1817 756 1885 τῆς
774 1798 900 1885 ἐλπίδος
914 1808 1080 1898 σφαλέντες
1094 1806 1124 1874 οἱ
1136 1809 1296 1897 Νερούιοι,
1306 1805 1390 1897 τείχει

317 1913 375 2007 μέν
393 1906 503 1981 ἕνδεκα
518 1905 619 1991 πόδας
637 1914 675 1980 τὸ
690 1909 782 2003 ύψος,
799 1913 852 1980 καὶ
866 1913 975 2006 τάφρῳ
992 1903 1218 1981 πεντεκαίδεκα
1234 1915 1273 1980 τὸ
1288 1912 1388 1997 βάθος,

319 2021 358 2087 τὸ
386 2030 450 2087 τῶν
475 2005 624 2112 Ρωμαίων
650 2019 873 2112 περιετείχισαν
902 2018 1087 2112 χαράκωμα.
1106 2024 1218 2093 Ταῦτα
1244 2010 1281 2085 δὲ
1303 2021 1337 2086 έκ
1356 2043 1387 2085 τε

319 2135 376 2204 τῆς
390 2136 447 2193 τοῦ
463 2125 592 2219 πρόσθεν
613 2126 700 2204 ἔτους
718 2134 781 2193 τῶν
799 2111 851 2193 Ρω
877 2125 949 2192 αίων
968 2124 1145 2210 συνηθείας,
1159 2126 1387 2219 έμεμαθύκεσαν·

320 2231 372 2300 καὶ
400 2230 484 2310 τινάς
512 2231 727 2324 αἰχμαλώτους
756 2243 818 2299 τῶν
845 2153 996 2325 δωμαίων
1022 2227 1191 2317 λαθόντες,
1217 2235 1270 2300 ὑπ’
1297 2236 1386 2300 αὐτόν

320 2329 536 2405 ἐδιδάσκοντο·
556 2340 724 2433 έργαςέρια
742 2329 779 2406 δὲ
797 2341 873 2432 πρὸς
893 2338 936 2406 τά
957 2349 1105 2422 τοιαῦτα,
1119 2330 1283 2414 έπιτνέδεεα
1301 2331 1386 2406 οἰδα·

319 2443 410 2538 μόθεν
425 2445 547 2537 ἔχοντες
560 2497 569 2530 ,
584 2451 649 2523 τοῖς
664 2453 748 2537 σφῶν
768 2440 866 2538 ξίφεσι
888 2448 945 2521 τήν
968 2455 1025 2541 γῆν
1046 2449 1258 2542 περιτέμνειν,
1271 2455 1337 2525 ταῖς
1356 2469 1385 2510 τε

317 2550 427 2647 χερσὶ,
454 2551 506 2623 καί
537 2560 602 2631 τοῖς
636 2562 764 2643 χιτιῖισιν
797 2554 893 2626 αὐτὴν
927 2547 1081 2630 έξαντλεελι
1113 2546 1333 2650 ἠναγκάζοντο.
1358 2542 1385 2628 ὶί

318 2657 354 2726 οὗ
371 2659 408 2726 τὸ
425 2662 526 2725 αὐτῶν
544 2657 658 2735 πλῆθος
672 2655 708 2733 ἦν
728 2657 954 2751 τεκμαίρεσθαι·
971 2667 1053 2751 μεῖον
1076 2657 1135 2755 γὰρ
1158 2660 1177 2735 ἢ
1202 2660 1285 2754 τρισὶ
1306 2665 1385 2752 ὥραις

319 2759 498 2857 περίόολον,
513 2755 654 2858 περίοδον
679 2756 875 2859 ὀγδοήκοντα
895 2757 1012 2848 ςάδια,
1024 2762 1100 2855 ὕψος
1119 2759 1155 2834 δέ
1175 2759 1385 2835 πεντεκαίδεκα

320 2863 441 2955 πόδας,
457 2872 656 2939 ἀπετέλεσαν·
683 2877 753 2949 ταῖς
780 2862 811 2937 δ’
834 2872 989 2949 ἐπιούσαις
1014 2873 1142 2965 ἡμέραις
1169 2875 1290 2967 τύρσεις
1314 2868 1384 2941 κατὰ

318 2978 357 3045 τὸ
385 2986 442 3045 τοῦ
467 2986 530 3044 τῶν
557 2962 708 3069 Ῥωμαίων
736 2979 888 3072 ἐρύματος
912 2974 1005 3067 ὕψος,
1019 2978 1071 3045 καὶ
1097 2971 1384 3072 δρέπανα,χελιένας

319 3108 376 3165 τε,
395 3090 434 3162 ὡς
461 3086 568 3150 ε’κεῒνοι
597 3074 763 3152 ἐδίδασκον
791 3083 819 3151 οἱ
844 3082 1060 3176 αἰχμάλωτοι,
1077 3080 1316 3177 παρασκευάζειν
1340 3109 1386 3166 τε,

320 3189 371 3257 καὶ
383 3196 479 3257 ποιεῖν
499 3182 644 3282 ἤρξαντο.

311 3298 322 3315 ”
374 3298 502 3373 LXIII.
532 3282 664 3392 ,θὶόδόμνγ
684 3288 715 3363 δ’
733 3296 787 3387 ἀφ’
807 3294 842 3363 ού
866 3299 940 3375 τοὺς
966 3282 1127 3391 Ῥωμαίους
1155 3300 1384 3392 ἰπολιύρκησαν,

321 3395 458 3497 σφοδροῦ
486 3403 599 3495 ἀνέμου
625 3404 813 3496 γενομένου,
835 3392 1003 3496 διαπύρους
1029 3404 1159 3498 σφαίρας
1189 3400 1223 3484 έξ
1253 3404 1385 3501 άργέλλης

321 3510 835 3603 τετηγμένκςκατεσκευασμένας,
852 3508 904 3577 καὶ
932 3502 1070 3606 διάπυρα
1098 3506 1174 3586 θέλη
1199 3511 1241 3590 εἰς
1268 3511 1310 3580 τίι
1333 3520 1385 3578 τῶν

321 3602 471 3708 Ῥωμαίων
493 3615 668 3708 οἰκιίματα,
686 3613 769 3683 κατὰ
789 3618 847 3691 τὴν
867 3624 930 3683 τῶν
949 3618 1076 3685 Γάλλων
1100 3619 1257 3694 συνύθειαν
1275 3620 1386 3711 ἀχύροις
1465 3645 1467 3694 ὲ

321 3724 531 3817 ε’ςεγασμένα,
549 3720 725 3815 έπέῤῥιψαν·
748 3718 802 3789 καί
822 3721 915 3791 αὗται
934 3725 987 3816 μὲν
1011 3725 1095 3804 εὐθὺς
1117 3726 1148 3794 αἰ
1167 3728 1259 3821 ςέγαι
1281 3736 1339 3820 πῦρ
1356 3748 1385 3791 τε

320 3831 401 3899 πολύ
415 3830 535 3913 έτεκον,
548 3828 601 3896 καὶ
620 3821 674 3896 διὰ
696 3830 815 3907 παντὸς
831 3821 992 3925 διύνεγκαν
1007 3834 1064 3906 τὴν
1081 3832 1185 3927 φλόγα
1205 3844 1263 3901 τοῦ
1280 3855 1383 3925 ςρατο·

321 3929 430 4006 πέδου·
452 3935 480 4003 οἱ
507 3927 542 4002 δὲ
570 3942 671 4031 πολλῇ
699 3930 757 4031 όοῇ
789 3936 840 4003 καὶ
869 3948 987 4032 κραυγῇ
1015 3940 1382 4020 ἐπακολουθήσαντες,ε“κ

321 4036 382 4117 ἤδη
412 4041 496 4133 σφίσι
519 4052 575 4120 τῆς
594 4041 677 4123 νίκης
703 4045 905 4136 φαινομένης,
932 4046 990 4121 τάς
1019 4070 1054 4112 τε
1081 4050 1200 4140 τύρσεις
1228 4045 1380 4141 προάγειν,

321 4149 374 4219 καὶ
393 4148 450 4228 τὰς
464 4152 599 4240 χελώνας
624 4150 796 4232 ποιεῖσθαι,
811 4150 863 4217 καὶ
880 4144 1005 4244 κλίμαξι
1025 4162 1083 4220 τοῦ
1104 4157 1255 4247 ε’ρύματος
1274 4143 1378 4220 ἰπιύαί-
