3000 5025
315 524 394 612 324
442 571 443 574 =
696 522 1005 592 PLUTARCHI

313 660 428 743 οιλεὺς,
452 654 533 725 ἀλλὰ
556 656 716 787 Καῖσαρ,
722 653 919 723 καλεῖσθαιιπ
932 653 984 722 καὶ
1009 654 1273 748 γενομενηςπρὸς
1296 664 1396 723 τοῦτο

313 765 437 835 πάντων
458 772 594 846 σιωπῆς,
608 766 644 833 ,οὐ
669 761 750 829 πάνυ
773 752 880 855 φαιθρ
869 790 917 844 ος,
936 752 1003 828 οὐθ’
1020 760 1145 853 εὐμενὴς
1164 787 1211 827 πα
1213 759 1332 854 ρ.ῆλθεν
1351 748 1395 828 Er

313 863 348 939 δὲ
363 873 525 966 συγκλήτῳ
540 866 633 962 τιμοίς
650 894 737 947 τινας
751 873 910 961 ὑπερφυεῖς
930 871 1016 955 miro}
1025 864 1286 959 2ψηφισαμένων,
1303 866 1397 960 ἔτυχε

585 962 700 1043 έόλων3
715 1000 787 1043 καε
756 968 922 1104 θεζόμενος
934 974 1123 1067 προσιόντων
1139 963 1175 1039 δὲ
1188 980 1251 1039 τῶν
1265 972 1396 1062 ὑποίτων

310 1083 362 1151 καὶ
375 1091 436 1151 τῶν
455 1094 635 1177 ςρατηγῶν,
653 1073 770 1176 ἅμαθὲ
788 1080 914 1159 καὶτῆς
942 1080 1093 1164 βουλῆς
1076 1078 1198 1157 αποίσης
1222 1082 1397 1171 ἑπομένης,

309 1195 370 1321 οὐγ
384 1184 595 1274 ὑπεξαναςθις,
611 1190 727 1257 ἀλλ’“
706 1213 807 1281 ωσπερ
828 1179 967 1265 ἰδιώταις
996 1186 1060 1253 τισὶ
1084 1178 1344 1315 χρηματίζων,’
1318 1212 1398 1253 απε-

308 1295 453 1390 ρκίνατο,
467 1302 599 1374 συςολῆς
613 1300 730 1426 μᾶλλον
740 1321 780 1378 ,η
763 1291 1048 1387 προσθέσεως,
1014 1320 1072 1371 τας
1084 1288 1179 1423 τιμὰς
1194 1278 1323 1359 δεῖσθαι.
1332 1294 1397 1359 Καὶ

307 1405 395 1471 τοῦτ’
409 1407 444 1471 οὐ
466 1403 557 1494 μόνον
571 1403 675 1477 ἠνίασε
697 1404 755 1476 τὴν
780 1403 911 1485 βουλην,
927 1398 1074 1467 ἀλλὰκαὶ
1093 1402 1148 1467 τὸν
1169 1391 1321 1491 δῆμον,
1302 1427 1346 1477 ως
1367 1402 1396 1466 ἐν

306 1520 347 1603 τῇ
366 1512 461 1603 βουλῆ
476 1518 533 1585 τῆς
551 1508 670 1587 πόλεως
685 1500 1000 1601 προπηλακιζομένης
1014 1506 1066 1573 καὶ
1073 1532 1177 1598 μετα.
1147 1498 1280 1583 ,δεινῆς
1300 1532 1398 1579 κατη-

306 1614 392 1707 φείας
407 1614 543 1690 ἀπῆλθον
560 1612 718 1696 εθθὺς,οἷς
737 1608 859 1691 ἐξῆν
821 1640 863 1704 μη
885 1612 1079 1783 παραμένειν
1101 1593 1169 1689 iis-e
1190 1612 1333 1680 κάκεῖνον
1354 1615 1396 1679 έν-

304 1722 461 1795 νοόσαντα
467 1730 678 1814 ,παραχρῆμα
692 1721 745 1812 μὲν
758 1710 863 1786 οἴκαδε
877 1716 1063 1811 τραπέσθαι,
1072 1745 1124 1785 και
1112 1717 1215 1808 βοᾷν
1231 1720 1311 1810 πρὸς
1323 1721 1396 1798 τοὺς

306 1825 428 1918 φίλους,
451 1828 656 1921 ἀπαγαγόντα
679 1836 736 1894 τοῦ
754 1746 915 1917 τριιχηλοιιρ
931 1826 969 1892 τὸ
988 1824 1127 1915 ἱμάτιον,
1144 1824 1392 1917 ὡςέτοιμοςείη

307 1942 354 2019 τῷ
376 1934 551 2025 βουλομένῳ
574 1935 631 2007 τὴν
653 1936 773 2027 σφαγὴν
790 1934 943 2024 παρέχειν·
967 1934 1073 2024 ὕςερον
1096 1922 1132 1997 δὲ
1151 1926 1393 2023 προφασίζεσθαι

308 2042 364 2113 τὴν
372 2040 470 2107 νόσον·
481 2043 515 2106 οὐ
527 2037 585 2133 γὰρ
596 2038 704 2105 ἐθέλειν
719 2042 777 2112 τὴν
794 2022 1103 2130 αἴσθησινθοὶτρεμεῒν
1117 2048 1180 2103 τῶν
1195 2042 1294 2115 οὕτως
1310 2040 1393 2131 ἐχόν·

307 2171 386 2230 των,
405 2149 480 2221 όταν
508 2143 646 2237 ἱςοίμενοι
672 2135 877 2239 διαλέγωνται
901 2144 976 2234 πρὸς
1000 2144 1109 2235 όχλον,
1127 2141 1209 2211 ἀλλὰ
1233 2148 1390 2237 σειομένην

306 2253 387 2343 ταχὺ
407 2250 459 2318 καὶ
477 2251 710 2345 περιφερομένην
730 2249 879 2345 εἱλίγγους
905 2249 1091 2318 ἐπισπᾶσθαι
1104 2249 1165 2317 καὶ
1185 2247 1392 2343 καταλαμόοί-

305 2358 418 2426 νεσθαι.
433 2356 479 2423 Τὸ
494 2349 524 2424 θ’
540 2361 598 2424 οὐκ
615 2350 692 2449 εἶχεν
707 2354 914 2441 οὕτως,οἱλλὰ
927 2356 978 2425 καὶ
991 2356 1071 2424 ποίνυ
1092 2358 1275 2451 βουλόμενον
1296 2357 1390 2426 αὐτόν

306 2458 533 2544 ὑπεξαναςῆναι
553 2474 593 2559 τῇ
613 2466 726 2558 βουλῇ,
739 2465 878 2558 λέγουσιν
898 2464 958 2532 ὑπό
979 2488 1034 2532 του
1055 2472 1117 2532 τῶν
1141 2463 1256 2558 φίλων,
1273 2468 1390 2558 μᾶλλον

308 2563 343 2638 δὲ
357 2571 495 2640 κολσίκων
505 2623 516 2657 ,
527 2568 697 2663 Κορνηλίου
710 2566 832 2638 Βοίλθου
842 2621 851 2654 ,
862 2571 1107 2662 κατασχεθῆναι,
1119 2573 1286 2662 φήσαντος·
1307 2601 1327 2636 (ι
1344 2575 1389 2639 Οὐ

312 2707 330 2744 ιι
348 2681 486 2811 μεμνηφη
502 2681 622 2771 Καῖσαρ
637 2675 693 2762 ὢν,
708 2669 774 2746 οὐδ’
788 2672 925 2758 ἀξιώσεις
940 2683 979 2755 ὡς
994 2677 1157 2771 κρείττονα
1171 2677 1389 2771 ’θεραπεύεσθαι

312 2813 330 2850 ιι
347 2786 495 2868 σεαυτόν,
514 2814 532 2850 ι)

346 2894 439 2961 LXI.
443 2876 823 3002 Επιγινεταιτουτοις
769 2919 834 2971 τοις
843 2894 1208 2986 προσκρουσμασινοτων
1218 2885 1387 3022 δημαρχων

307 2998 572 3090 προπηλακισμός.
593 2977 689 3064 Ην
657 3024 710 3090 μεν
724 2996 783 3093 γὰρ
798 3006 817 3073 ἠ
833 3009 894 3066 τῶν
914 2999 1184 3130 Λφυπερκαλίων
1172 2985 1306 3093 εορτηό,
1324 3000 1388 3094 περὶ

308 3131 343 3181 ης
362 3103 478 3172 πολλοὶ
489 3102 673 3231 γράφουσιν,
692 3111 732 3182 ὡς
749 3106 900 3197 ποιμένων
918 3107 956 3173 τὸ
979 3106 1158 3173 παλαιὸν
1130 3132 1193 3189 ειη,
1209 3105 1263 3173 καί
1283 3135 1316 3174 τι
1338 3134 1387 3175 κοιι

307 3213 454 3304 προσήκει
467 3217 532 3289 τοῖς
553 3200 739 3304 Ᾱρκαθικοῐς
760 3210 916 3289 Λυκαίοις.
935 3215 1004 3278 Τῶν
1025 3202 1100 3276 δ”
1073 3221 1201 3306 ευγενῶν
1224 3213 1385 3280 νεανίσκων

308 3315 359 3384 καὶ
374 3309 530 3448 ἀρχφντφν
544 3316 654 3384 πολλοὶ
669 3309 757 3386 θιαθ’
723 3317 854 3386 θεουσιν
860 3315 918 3384 ἀνὰ
936 3345 992 3385 την
1014 3319 1103 3386 πόλιν
1119 3317 1249 3448 γφμνοὶ,
1264 3323 1385 3387 σκύτεσι

212 3445 216 3454 “
304 3408 444 3502 λασίοις6
457 3425 529 3502 τοὺς
546 3414 715 3516 ἐμποδὼν
703 3451 753 3491 επι
742 3415 882 3511 παιδιᾷ
900 3450 952 3491 και
940 3423 1078 3519 γελωτι
1094 3425 1248 3504 παίοντες·
1275 3424 1385 3495 πολλοὶ

307 3520 343 3600 δὲ
358 3530 483 3600 καὶτῶν
502 3533 532 3597 έν
549 3531 631 3598 τέλει
648 3538 799 3624 γυναικῶν.
822 3497 990 3609 ἐπίτηδες
979 3543 1159 3600 υπαντῶσαι
1181 3534 1384 3625 παρέχουσιν,

349 3733 374 3768 1.
396 3715 448 3766 Rex
474 3713 573 3785 quippe
596 3730 743 3783 cognomen
767 3713 820 3766 fuit
867 3725 1012 3786 compotes.
1028 3713 1382 3786 καταλαμέοὶνισθιιι,ειίιιι·

304 3793 476 3848 Marciorum.
866 3795 975 3866 proviso
991 3795 1210 3848 convulsionibus
1226 3797 1335 3867 corripi.

348 3893 373 3927 ι.
389 3876 543 3944 Recte,pro
555 3875 685 3939 αὐτοῦ,οκ
695 3872 818 3926 emenda·
909 3874 935 3927 5.
952 3875 1018 3938 Qum
1033 3893 1067 3927 xv
1086 3876 1147 3927 Kar.
1166 3875 1247 3928 Mart.
1266 3876 1380 3929 celebra·

305 3951 377 4006 tione
391 3954 500 4006 Reiskii.
570 3987 571 3992 =
865 3955 953 4008 batur.
970 3955 1105 4008 Plutarch.
1118 3956 1148 4008 in
1162 3956 1260 4008 Romul.
1276 3975 1322 4009 ιι.

250 4079 255 4083 .
347 4035 372 4086 3.
386 4035 418 4086 ln
433 4034 594 4088 rribunoiit-
592 4052 658 4105 φτο,
672 4032 741 4086 AEde
761 4035 817 4087 Ve·
908 4038 934 4087 6
963 4035 1004 4086 Ex
1026 4054 1167 4106 caprarum
1189 4035 1219 4088 in
1239 4037 1301 4107 ipso
1314 4036 1378 4088 festo

303 4113 374 4168 neris
389 4113 536 4184 genetricis
866 4113 1315 4186 immolatarumpellibusconsectn.
1316 4111 1376 4168 Vid.

345 4199 372 4258 4.
388 4196 455 4259 Quae
467 4213 524 4246 ιιοιι
532 4193 631 4248 smeret
645 4193 742 4254 mentis
761 4182 817 4247 εσσε
865 4207 923 4249 not.
934 4193 969 4249 ad
978 4195 1055 4266 Virg.
1062 4198 1125 4249 AEn
1132 4213 1240 4266 mm.
1253 4197 1320 4252 663
