3000 5025
274 533 581 605 INTERPRES
607 531 842 602 GRAECUS.
871 534 967 605 LIB.
996 537 1038 605 V.
1119 539 1190 624 όόι

114 695 178 738 νειν
198 663 343 764 ἤρξαντο.
359 653 505 734 Ενταῢθα
533 660 572 740 δὴ
601 669 658 742 τήν
687 673 749 734 τῶν
776 652 926 760 Ρωμαίων
949 671 1062 762 αἱρετόν
1083 697 1118 739 τε
1144 677 1195 741 καὶ

114 774 288 872 προθυμίαν
316 771 352 848 ην
381 777 464 867 όρᾷν·
485 773 576 843 αὐτοὶ
598 769 657 869 γὰρ
688 772 797 867 καίπερ
825 774 975 842 πάντοθεν
999 781 1196 871 ὀπτώμενοι,

114 884 170 952 καὶ
189 882 231 950 τὰ
246 891 330 974 σφῶν
349 881 518 974 σκευοφόρα
531 878 583 947 καὶ
601 883 750 973 χρίματα
768 880 875 949 πάντα
891 882 1081 976 άναλάμπειν
1100 891 1196 980 όρῶν-
1239 905 1243 914 ’

114 1017 186 1075 τες,
203 994 263 1082 οὐχ
281 993 364 1066 ὅπως
384 997 481 1081 φυγῆς
504 989 695 1079 ὀμίμνηντο,
713 988 783 1054 ἀλλ’
804 980 872 1054 οὐθ’
886 980 985 1068 οὐθεὶς
1006 994 1108 1057 αὐτῶν
1132 995 1198 1060 άνε-

114 1099 261 1192 ςρίρετο·
277 1098 453 1188 σύμπαντες
478 1084 513 1160 ὀὶ
540 1093 614 1160 τότε
636 1093 860 1187 προθυμότατα
883 1095 1084 1190 ἠγωνίσαντο.
1107 1102 1195 1174 Αότη

115 1208 173 1300 μὲν
204 1201 367 1296 βαρυτάτη
400 1225 435 1266 τε
468 1199 520 1268 καὶ
546 1201 750 1292 λυπηροτάτη
784 1208 850 1280 τοῖς
874 1187 1070 1288 θωμαίοιςη
1098 1209 1199 1298 ἡμέρα

116 1315 251 1408 ἐγένετο·
273 1303 374 1381 άπίόη
400 1299 430 1374 θ’
443 1309 526 1400 όμως
548 1309 581 1372 ἐν
607 1309 707 1401 ταύτῃ
733 1310 864 1386 πολλούς
894 1335 929 1376 τε
957 1319 1020 1376 τῶν
1044 1311 1198 1404 πολεμίων

116 1418 294 1513 τρωθῆναι,
322 1414 374 1483 καὶ
399 1416 526 1506 συχνοὺς
551 1423 778 1489 κατακοπῆναι·
803 1418 930 1494 ἑαυτοὺς
959 1416 1014 1508 μὲν
1038 1413 1098 1512 γὰρ
1122 1443 1200 1486 συσ·

114 1525 310 1618 πειραμίνως
324 1519 579 1614 συνηθροίκεσαν,
593 1519 645 1587 καὶ
659 1520 830 1613 ἀποχωρεῖν
844 1522 917 1600 τους
930 1515 1102 1616 πρόσθεν”οί
1114 1527 1201 1592 ὀπισ-

114 1633 167 1700 θεν
189 1633 246 1699 οὐκ
261 1629 337 1696 ε’ίων·
358 1627 460 1723 ὀλίγον
477 1619 513 1694 δὲ
526 1626 795 1706 καταπαυσθείσης
823 1639 878 1706 τῆς
902 1630 1037 1721 φλογὸς,
1051 1631 1103 1696 καὶ
1117 1630 1201 1702 κατὰ

116 1738 192 1807 τενόι
206 1748 263 1806 τοῦ
278 1747 340 1804 τῶν
358 1721 509 1825 Ῥωμαίων
533 1735 683 1826 ἐρύματος
707 1736 825 1817 τόπον,
843 1741 906 1800 τῶν
924 1734 1078 1826 πολεμίων
1097 1740 1201 1832 τύρσιν
1229 1724 1231 1728 ³

115 1843 402 1940 προσαγαγόντων,
416 1843 474 1918 ὦς’
497 1841 592 1913 αὐτὴν
622 1831 686 1913 ἤθη
711 1847 758 1928 τῷ
781 1843 913 1934 ἐρύματι
936 1833 1155 1933 συζευχθῆναι,
1174 1846 1204 1913 οἱ

116 1965 177 2031 τῆς
197 1962 256 2018 τοῦ
271 1947 435 2043 τάγματος
458 1944 571 2014 ἐκείνου
589 1946 697 2039 τρίτης
719 1946 844 2039 σπείρας
871 1941 1053 2040 ταξίαρχοι,
1068 1951 1103 2016 ἐκ
1125 1962 1203 2036 τοῦ,

117 2060 154 2129 οὗ
185 2059 369 2138 εἱςηκεσαν,
387 2056 642 2146 ἀναχωρήσαντες
667 2053 788 2136 τόπου,
805 2053 858 2120 καὶ
882 2055 1002 2132 πάντας
1025 2056 1102 2149 πρὸς
1129 2061 1203 2125 τού-

116 2193 188 2244 τοις
208 2165 279 2242 τοὺς
306 2169 390 2253 σφῶν
417 2154 619 2255 ἐξαγαγόντες
649 2163 843 2251 ςρατιόντας,
858 2169 942 2254 φωνῇ
971 2161 1026 2252 μὲν
1054 2162 1121 2254 άμα
1151 2164 1203 2231 καὶ

116 2275 251 2365 νεύματι
264 2271 337 2347 τοὺς
352 2266 515 2359 πολεμίους
530 2265 555 2332 εἰ
570 2259 731 2334 ὀούλοιντο
745 2266 885 2350 εἰσιέναι,
898 2266 1123 2360 παρεκάλεσαν·
1137 2281 1202 2338 τῶν

116 2377 277 2469 πολεμίων
309 2368 340 2442 θ’
363 2365 463 2450 οὐθεὶς
492 2367 650 2439 είσόαίνειν
679 2373 842 2466 ἐτόλμησε·
877 2375 953 2450 τότε
973 2365 1019 2457 ίθη
1051 2374 1203 2445 πάντοθεν
1280 2386 1282 2392 ’

118 2486 161 2565 είς
181 2484 294 2561 αότοὺς
313 2482 341 2550 οἱ
361 2465 498 2573 Ρωμαῖοι
518 2470 797 2572 σφινθονησαντες,
815 2479 949 2548 ἐντεῦθεν
969 2481 1133 2568 ἀπέωσεν,
1151 2483 1203 2553 καὶ

118 2597 180 2668 τὴν
201 2596 303 2659 αὐτῶν
318 2591 421 2682 τύρσιν
436 2588 642 2654 κατέκαυσαν.

177 2698 304 2766 XLIV.
320 2674 407 2764 How
423 2684 454 2759 θ’
469 2695 498 2758 ἐν
514 2700 561 2779 τῷ
579 2682 767 2785 ςρατοπίθῳ
785 2690 860 2759 τότε
874 2684 931 2760 θύο
946 2689 1067 2784 άριστοι
1080 2690 1205 2790 ταξίαρ-

119 2833 192 2901 χοι,
206 2804 314 2873 πάντα
334 2802 389 2868 τὸν
412 2799 520 2891 χρόνον
539 2795 608 2889 περὶ
626 2789 834 2900 άνγόραγαθίας
855 2800 1001 2876 ἀλληλοις
1024 2802 1202 2869 ἀντιποιού-

121 2936 228 3006 μενοι,
243 2908 338 2987 ’Τίτος
359 2932 395 2974 τε
415 2902 579 2997 Πουλρίων
591 2957 600 2988 ,
614 2904 666 2970 καὶ
689 2906 818 2983 Λούκιος
833 2908 977 2999 Βαρῆνος·
992 2906 1095 3001 ὀλίγον
1110 2910 1201 3001 μόνον

118 3012 247 3095 ὀόοντες
261 3026 318 3083 τοῦ
330 3012 390 3092 τὰς
404 3015 529 3106 πρώτας
544 3004 645 3089 τάξεις
660 3012 751 3104 ἔχειν.
767 3012 895 3080 Τούτων
910 3018 926 3080 ὀ
945 3012 999 3104 μὲν
1019 3015 1203 3106 Πουλρίων,
1222 3007 1231 3014 “

119 3135 186 3195 τῶν
214 3120 367 3215 πολεμίων
396 3116 558 3212 προθύμως
585 3117 654 3211 περὶ
678 3120 716 3186 τὸ
744 3114 919 3212 χαράκωμα
947 3124 1147 3213 μαχομένων,
1163 3123 1204 3189 Τί

120 3243 174 3301 νῦν
191 3232 328 3325 με’λλεις,
347 3204 419 3321 ζόη,
434 3221 459 3290 ὦ
477 3228 609 3318 Βαρῆνε;
628 3223 648 3299 ἢ
671 3222 741 3291 τίνα
760 3234 818 3291 τοῦ
837 3229 895 3299 την
916 3236 974 3293 σοῦ
994 3218 1203 3306 ἐπιδείξασθαι

121 3340 238 3434 αἱρετὴν
258 3335 415 3429 ιἐναμίνεις
434 3332 557 3425 καιρόν,
570 3334 651 3404 αὕτη
673 3330 750 3424 μόνη
772 3328 816 3397 τόε
838 3323 972 3424 θεάρορα
989 3338 1075 3425 ἡμῶν
1097 3334 1203 3403 πάντα

120 3439 181 3523 ἥδε
200 3436 489 3533 ὀιαλύσεεηημίρα.
508 3442 619 3506 Ταῦτα
638 3438 691 3529 μὲν
707 3438 798 3507 εἰπὼν
810 3488 819 3521 ,
831 3432 941 3517 ἐξῆλθέ
952 3464 988 3505 τε
1010 3449 1067 3509 τοῦ
1085 3467 1202 3534 ςρατο·

122 3543 223 3623 πίθου
234 3603 243 3635 ,
256 3548 309 3618 καὶ
322 3546 342 3623 ιθ
362 3547 481 3642 μάλιςα
493 3546 731 3639 συνεσπαρμίνω
751 3543 930 3635 ἐμαίνοντο,
945 3547 1047 3641 ταύτῃ
1063 3547 1202 3616 ἐπέθετο·

122 3662 200 3730 τότε
227 3648 259 3723 δ’
279 3648 383 3725 οόὀ’ό
412 3657 547 3747 Βαρῆνος
569 3655 667 3738 ἐντῷ
689 3654 896 3745 χαρακώματι
921 3653 1016 3747 μένειν
1038 3656 1203 3747 ἠνέσχετο,

65 3767 67 3779 ’
125 3764 209 3835 ἀλλὰ
228 3768 285 3838 τὴν
308 3760 433 3830 πάντων
456 3752 635 3853 αἰδούμενος
659 3749 785 3831 ὀόκησιν
799 3782 810 3845 ,
826 3758 877 3825 καὶ
897 3758 1055 3848 ἐφείπετο,
1073 3760 1154 3852 μετὰ
1171 3754 1203 3827 θ’

123 3873 231 3967 ὀλίγου
245 3862 446 3946 διαλιπόντος
456 3858 492 3933 ὀὲ
502 3866 623 3959 χρόνον·
637 3864 717 3957 ὁμὲν
729 3864 893 3956 Πουλρίων
904 3865 944 3943 εἰς
954 3867 1026 3943 τοὺς
1038 3865 1203 3958 πολεμίους

124 3982 164 4048 τὸ
189 3972 281 4057 ξυςὸν
301 3974 417 4066 ἀφιεὶς,
431 3977 483 4040 ἕνα
513 3977 613 4040 αὐτῶν
638 3977 849 4064 πρωτοςάτην
873 3963 1061 4065 διεπέρασεν·
1084 3971 1203 4052 οὗτινος

128 4082 376 4173 βληθέντος,καὶ
395 4080 514 4172 πάχιςα
536 4088 642 4173 νεκροῦ
663 4078 876 4161 πεσόντος,οἱ
897 4080 1040 4170 πολέμιοι
1058 4087 1126 4160 ταῖς
1149 4082 1203 4173 μὲν

127 4192 235 4260 ἀσπίσι
253 4191 308 4257 τὸν
328 4189 429 4281 νεκρὸν
453 4184 619 4275 ὀκαλυψαν·
645 4184 686 4263 εἰς
709 4176 744 4251 θὲ
768 4186 822 4252 τόν
845 4184 1032 4275 Πουλφίωνα
1054 4185 1203 4258 πάντοθεν

946 4340 995 4411 29
