3000 5025
237 479 541 550 INTERPRES
567 478 805 554 GRAEcUs.
834 480 930 550 LIB.
959 482 1037 549 111.
1100 480 1171 580 397

105 614 281 705 ὑποφέρειν,
307 611 384 686 ἦσαν
408 612 696 704 κατεσκευασμέναι·
718 611 771 678 καὶ
794 610 837 679 τά
859 613 913 705 μέν
938 617 1175 709 καταςρύματσ

10 736 11 739 ’
104 712 258 797 ποδιαίοις
279 722 317 789 τὸ
337 719 436 810 πάχος
463 711 565 796 δοκοῖς
590 715 779 802 ἐπεποίητο,
797 718 849 785 καὶ
870 712 1004 813 σιδηροῖς
1024 723 1175 816 γύμροις,

10 818 12 827 ’
104 829 277 918 παχύτητα
298 823 466 917 ἀντίχειρος
484 816 639 892 δακτύλου
658 815 931 915 έχουσι,διέλας·ο·
951 827 985 892 ού
1001 830 1032 894 τ’
1045 824 1192 923 ἄγκυραι·

104 925 243 1023 σιδηραῖς
268 932 408 999 ἀλύσεσιν
436 930 505 997 ἀντὶ
527 929 665 1022 σχοινίων
685 921 838 997 ἐδέδεντο·
862 928 904 999 τὰ
922 924 952 998 δ’
970 932 1035 1010 ίςία
1052 940 1176 1013 λεπτῶς

104 1034 353 1132 βεύυρσευμίνοις
372 1030 517 1131 δέρμασιν
536 1036 606 1103 ἀντὶ
621 1030 706 1104 λίνου
723 1035 908 1120 ἐπεποίητο,
925 1036 945 1111 ἢ
965 1030 1020 1105 διὰ
1042 1042 1098 1113 τὴν
1118 1050 1176 1108 τοῦ

103 1145 189 1213 λίνου
205 1143 350 1238 ἀπορίαν,
364 1142 417 1211 καὶ
429 1145 486 1216 τὴν
499 1152 555 1221 τῆς
571 1145 666 1211 αύτοῢ
684 1141 786 1235 χρείας
805 1141 961 1236 ἀπειρίαν,
972 1142 1007 1227 ἢ,
1024 1144 1041 1212 ὃ
1058 1149 1176 1237 μᾶλλον

10 1244 11 1289 ³
105 1252 332 1344 συνετώτερον,
350 1252 400 1316 ύτι
413 1251 580 1328 τοσούτους
596 1259 652 1317 τοῦ
667 1234 807 1317 Ωκεανοῦ
818 1258 985 1343 χειμῶνας,
999 1250 1051 1317 καὶ
1065 1254 1178 1319 τοσαύ·

103 1384 163 1436 τας
183 1368 243 1425 τῶν
263 1358 381 1449 ἀνέμων
401 1352 496 1447 ὁρμὰς
514 1355 689 1447 ἀνέχεσθαι,
708 1358 864 1433 τοσοσίτας
885 1382 920 1422 τε
938 1367 1012 1433 νῆας
1034 1356 1122 1435 ἱςίοις
1141 1359 1176 1425 ἐκ
1273 1407 1278 1415 ·

10 1544 11 1551 γ
101 1463 187 1532 λίνου
207 1464 421 1555 πεποιημένοις
440 1452 588 1529 δύνασθαι
606 1456 826 1554 κυύερνάσθαι,
840 1465 895 1529 οὐκ
909 1455 1056 1555 ἐνόμιζον.
1076 1450 1119 1530 Εν
1141 1456 1177 1531 δέ

10 1622 12 1661 γ
105 1580 146 1664 τῇ
165 1571 241 1661 πρὸς
261 1570 380 1645 ταύτας
408 1574 589 1662 συμπλοκῇ,
614 1569 690 1661 μάνρ
720 1576 760 1661 τῇ
786 1569 1026 1660 ταχύτητι,καὶ
1048 1577 1095 1656 τῷ
1118 1572 1178 1639 ύπὸ

10 1700 11 1711 ·
106 1684 168 1744 τῶν
192 1678 326 1769 ἐρετμῶν
348 1673 471 1765 ὠθισμῷ
488 1681 628 1766 προεῖχον
651 1674 679 1742 οἱ
700 1658 847 1765 Ρωμαῖοι·
867 1673 910 1740 τέι
928 1666 964 1741 δέ
980 1672 1078 1743 λοιπέι
1102 1676 1177 1768 πρός

105 1808 140 1849 τε
155 1785 292 1855 τὴντῶν
309 1780 412 1848 τύπων
425 1781 529 1869 φύσιν,
545 1778 597 1847 καὶ
612 1783 668 1854 τὴν
685 1790 742 1846 τοῦ
759 1787 907 1871 χειμῶνος
924 1773 1008 1863 ύίαν,
1022 1789 1087 1860 τοῖς
1103 1781 1181 1851 Γαλ-

104 1894 170 1966 λοις
196 1885 274 1961 ἦσαν
302 1877 536 1979 ἐπιτηδειότερά
559 1911 594 1953 τε
620 1884 671 1954 καὶ
698 1878 922 1979 ἀρμοδιύτερα·
943 1888 1075 1955 τοσοῦτό
1093 1890 1123 1955 τ’
1142 1886 1178 1963 ἦν

107 2006 169 2061 τῶν
190 2002 264 2060 νεῶν
284 1989 359 2082 ὕψος
378 2018 433 2077 τε,
447 1992 498 2059 καὶ
516 1994 655 2067 τοσαύτη
679 1991 847 2085 ςερρύτης,
862 1996 923 2069 ὥςε
938 1993 1009 2060 ούτε
1023 2002 1070 2080 τῷ
1084 1994 1181 2087 ἀκριο·

106 2100 206 2190 τηρίῳ
219 2098 315 2177 αύτές
327 2092 476 2165 ύλάπτειν
486 2143 497 2182 ,
508 2100 580 2166 ούτε
599 2091 710 2191 ῥᾳδίως
723 2092 811 2177 ύέλος
827 2099 986 2188 ἐπαφιέναι
1001 2100 1030 2166 οἱ
1045 2086 1181 2194 Ρωμαῖοι

107 2197 283 2285 ἠδύναντο,
302 2206 373 2273 ούτε
394 2195 504 2298 ρορδίως
527 2196 581 2270 διὰ
608 2216 703 2272 τοῦτο
722 2206 782 2272 ὑπὸ
809 2212 872 2270 τῶν
897 2207 1054 2295 σκοπέλων
1077 2208 1181 2274 κατεί-

106 2338 214 2404 χοντο.
232 2300 310 2379 Ᾰλλ’
324 2312 435 2403 ἀνέμου
456 2310 508 2403 μὲν
528 2300 661 2403 σφοδροῦ
679 2311 855 2405 γενομένου,
871 2311 997 2389 ἑαυτοὺς
1016 2320 1063 2399 τῷ
1080 2314 1183 2406 ἀνέμῳ

108 2416 199 2501 εἴων,
221 2417 273 2486 καὶ
292 2423 362 2510 ῥᾷον
381 2419 437 2489 τὸν
457 2411 525 2484 ύίαν
545 2426 603 2497 τοῦ
620 2425 767 2510 χειμῶνος
785 2419 906 2507 ἔφερον,
921 2416 973 2485 καὶ
991 2422 1021 2485 ἐν
1036 2429 1076 2515 τῇ
1096 2417 1183 2514 ψάμ-
1234 2474 1238 2481 .

108 2553 157 2618 μῳ
184 2527 392 2619 ἀσφαλέςερον
414 2526 590 2616 κατέμενον·
611 2525 783 2615 ἀμπώτεως
810 2514 839 2588 δ’
860 2527 1092 2618 ἐπιγενομένης,
1111 2529 1183 2595 ούτε

11 2711 17 2734 ¹
108 2631 165 2712 τὰς
191 2633 328 2725 πέτρας,
345 2632 415 2698 ούτε
435 2627 476 2696 τὰ
494 2630 629 2703 σκοπέλη
647 2625 689 2708 (ἃ
707 2628 813 2696 πάντα
832 2637 896 2708 τοῖς
914 2616 1066 2723 Ῥωμαίοις
1083 2628 1185 2723 ρούη-
1204 2709 1212 2728 .

108 2742 165 2808 τέα
185 2735 246 2823 ἦν)
266 2730 433 2806 ἐδεδίεσαν.

162 2845 261 2912 xlv.
276 2830 394 2917 Ἐπειδὴ
415 2843 474 2940 μὲν,
488 2837 538 2908 οὖν
557 2839 674 2918 πολλὰς
690 2844 792 2908 αὐτῶν
809 2843 885 2907 ἐλὼν
900 2842 1004 2920 πόλεις
1017 2850 1033 2910 ὁ
1046 2847 1184 2938 Καῖσαρ,

109 2955 238 3028 τούτοις
269 2953 322 3025 τὴν
345 2953 446 3016 αὐτῶν
467 2950 564 3042 ρυγλν
586 2951 627 3038 μὴ
649 2947 848 3038 κατέχεσθαι,
864 2946 917 3014 καὶ
938 2949 1039 3040 μάτην
1061 2959 1184 3042 ποιεῖν,

110 3062 186 3126 ούτε
198 3049 346 3124 δύνασθαι
360 3059 457 3133 ούτως
476 3058 587 3132 αὐτοὺς
604 3055 760 3138 βλάπτειν.
771 3055 864 3148 ἔγνω,
879 3054 1026 3147 κράτιςον
1045 3063 1185 3152 ἠγάσατο

111 3161 190 3234 εἶναι
203 3150 262 3230 ’τὸν
277 3167 387 3230 ἐαυτοῦ
402 3163 495 3240 ςολον
515 3163 692 3254 περιμένειν·
712 3158 743 3226 ὂν
764 3152 870 3234 ἐπειδὴ
886 3160 1004 3252 τάχιςα
1022 3164 1185 3258 ἀριγμένον

112 3271 251 3365 ᾔσθοντο
269 3269 297 3337 οἱ
314 3270 472 3360 πολέμιοι,
491 3277 557 3345 νῆες
580 3271 680 3362 αὐτῶν
708 3273 747 3344 ὡς
769 3265 863 3333 εἴκοσι
881 3268 933 3334 καὶ
956 3260 1131 3353 διακόσιαι,
1154 3269 1186 3338 εύ

111 3377 420 3472 παρεσκευασμέναι,
445 3373 497 3441 καὶ
527 3378 619 3442 πᾶσιν
648 3376 753 3450 ὅπλοις
780 3371 1046 3463 καθωπλισμέναι,
1065 3379 1099 3443 ἐκ
1131 3386 1188 3445 τού

110 3485 238 3577 λιμένος
256 3487 410 3573 ὁρμῶσαν,
429 3489 493 3558 τοῖς
516 3465 672 3572 Ῥωμαίοις
695 3479 915 3573 ἀντανήγοντο·
939 3484 996 3558 ὅς’
1014 3473 1082 3550 οὐδ’
1103 3487 1187 3571 αὐτῷ

111 3592 245 3686 Βρούτῳ
263 3595 309 3674 τῷ
326 3587 486 3678 ναυάρχῳ,
501 3588 571 3655 ούτε
591 3594 655 3664 τοῖς
672 3587 860 3678 χιλιάρχοις,
880 3582 920 3651 ὧν
939 3591 996 3677 μιᾷ
1012 3591 1122 3666 ἔκαςος
1139 3585 1190 3663 νηῒ

114 3696 289 3788 ἐρειςηκει,
316 3684 408 3766 δῆλον
430 3690 465 3766 ἧν
501 3691 534 3759 τί
554 3694 697 3765 ποιητέον
724 3691 786 3774 εἴη,
809 3690 828 3765 ἢ
855 3689 924 3759 τίνα
943 3693 1057 3785 τρόπον
1088 3694 1188 3788 μάχης
1243 3766 1246 3775 ,

114 3791 347 3874 ἐπιτηδευτέον·
368 3811 413 3886 τῷ
429 3798 482 3892 μὲν
501 3796 559 3893 γὰρ
579 3796 761 3890 ἀκρωτηρίῳ
788 3800 829 3890 μὴ
853 3790 1000 3899 δύνασθαι
1018 3805 1095 3889 σρᾶς
1118 3803 1189 3880 τοὺς

112 3910 258 3984 Γάλλους
278 3899 426 3973 ύλάπτιιν
445 3897 569 3997 ᾔδεσαν·
589 3905 698 3972 ἔπειτα
714 3895 749 3969 δὲ
767 3903 818 3969 καὶ
837 3912 899 3970 τῶν
922 3907 1056 3998 πύργων
1073 3907 1190 3976 ἀνοικο-

115 4005 335 4105 δομηθέντων,
348 4014 430 4102 ὅμως
445 4020 506 4076 τῶν
523 4018 666 4104 πρυμνῶν
681 4020 742 4075 τῶν
756 4000 917 4101 ύοιρύάρων
934 4013 970 4078 τὸ
987 4010 1063 4101 ύψος
1080 4014 1191 4094 αύτούς

116 4123 261 4213 ύπερῇρε·
284 4115 335 4184 καὶ
353 4113 468 4214 τάμέν
486 4126 549 4183 τῶν
568 4102 717 4209 Ῥωμαίων
737 4109 812 4189 ύελη
831 4119 886 4183 οὐκ
904 4110 1058 4192 ἠδύναντο
1076 4119 1116 4198 είς
1135 4119 1192 4200 τὰς
