<?xml version="1.0" encoding="UTF-8"?>
<!DOCTYPE html PUBLIC "-//W3C//DTD XHTML 1.0 Transitional//EN"
    "http://www.w3.org/TR/xhtml1/DTD/xhtml1-transitional.dtd">
<html xmlns="http://www.w3.org/1999/xhtml" xml:lang="en" lang="en">
 <head>
  <title>
</title>
<meta http-equiv="Content-Type" content="text/html;charset=utf-8" />
  <meta name='ocr-system' content='tesseract 3.04.00' />
  <meta name='ocr-capabilities' content='ocr_page ocr_carea ocr_par ocr_line ocrx_word'/>
</head>
<body>
  <div class='ocr_page' id='page_1' title='image "./caiusjuliuscsar00unkngoog_0219.png"; bbox 0 0 3000 5025; ppageno 0'>
   <div class='ocr_carea' id='block_1_1' title="bbox 330 429 1173 563">
    <p class='ocr_par' dir='ltr' id='par_1_1' title="bbox 330 429 1173 563">
     <span class='ocr_line' id='line_1_1' title="bbox 330 429 1173 563; baseline -0.011 -26"><span class='ocrx_word' id='word_1_1' title='bbox 330 490 400 563; x_wconf 80' lang='lat'><strong>190</strong></span> <span class='ocrx_word' id='word_1_2' title='bbox 540 468 569 534; x_wconf 84' lang='lat' dir='ltr'><strong>J.</strong></span> <span class='ocrx_word' id='word_1_3' title='bbox 599 464 755 533; x_wconf 77' lang='lat' dir='ltr'><strong>censi</strong></span> <span class='ocrx_word' id='word_1_4' title='bbox 783 429 1173 530; x_wconf 76' lang='lat' dir='ltr'><strong>connnnranir</strong></span> 
     </span>
    </p>
   </div>
   <div class='ocr_carea' id='block_1_2' title="bbox 233 594 1406 4216">
    <p class='ocr_par' dir='ltr' id='par_1_2' title="bbox 233 594 1406 4216">
     <span class='ocr_line' id='line_1_2' title="bbox 322 594 1403 688; baseline -0.006 -19"><span class='ocrx_word' id='word_1_5' title='bbox 322 600 550 684; x_wconf 73' lang='lat' dir='ltr'><strong>discesserim,</strong></span> <span class='ocrx_word' id='word_1_6' title='bbox 577 602 640 665; x_wconf 82' lang='lat' dir='ltr'><strong>st&#39;rn</strong></span> <span class='ocrx_word' id='word_1_7' title='bbox 669 620 828 665; x_wconf 75' lang='lat' dir='ltr'><strong>reuersus.</strong></span> <span class='ocrx_word' id='word_1_8' title='bbox 852 596 1064 688; x_wconf 85' lang='lat' dir='ltr'><strong>Responsum</strong></span> <span class='ocrx_word' id='word_1_9' title='bbox 1085 594 1151 663; x_wconf 91' lang='lat' dir='ltr'><strong>boc</strong></span> <span class='ocrx_word' id='word_1_10' title='bbox 1176 597 1315 682; x_wconf 82' lang='lat' dir='ltr'><strong>Caesari,</strong></span> <span class='ocrx_word' id='word_1_11' title='bbox 1341 618 1403 688; x_wconf 86' lang='lat' dir='ltr'><strong>per</strong></span> 
     </span>
     <span class='ocr_line' id='line_1_3' title="bbox 322 700 1401 800; baseline -0.006 -24"><span class='ocrx_word' id='word_1_12' title='bbox 322 731 380 776; x_wconf 91' lang='lat' dir='ltr'><strong>eos</strong></span> <span class='ocrx_word' id='word_1_13' title='bbox 402 708 491 800; x_wconf 90' lang='lat' dir='ltr'><strong>ipsos</strong></span> <span class='ocrx_word' id='word_1_14' title='bbox 511 706 568 798; x_wconf 93' lang='lat' dir='ltr'><strong>qui</strong></span> <span class='ocrx_word' id='word_1_15' title='bbox 587 702 761 772; x_wconf 78' lang='lat' dir='ltr'><strong>audierant</strong></span> <span class='ocrx_word' id='word_1_16' title='bbox 779 700 878 788; x_wconf 92' lang='lat' dir='ltr'><strong>illud,</strong></span> <span class='ocrx_word' id='word_1_17' title='bbox 895 715 1014 769; x_wconf 90' lang='lat' dir='ltr'><strong>notum</strong></span> <span class='ocrx_word' id='word_1_18' title='bbox 1036 701 1124 770; x_wconf 88' lang='lat' dir='ltr'><strong>fuit:</strong></span> <span class='ocrx_word' id='word_1_19' title='bbox 1148 705 1311 795; x_wconf 86' lang='lat' dir='ltr'><strong>potuisset</strong></span> <span class='ocrx_word' id='word_1_20' title='bbox 1332 727 1401 770; x_wconf 83' lang='lat' dir='ltr'><strong>rne-</strong></span> 
     </span>
     <span class='ocr_line' id='line_1_4' title="bbox 322 807 1401 902; baseline -0.006 -21"><span class='ocrx_word' id='word_1_21' title='bbox 322 812 444 881; x_wconf 89' lang='lat' dir='ltr'><strong>diocris</strong></span> <span class='ocrx_word' id='word_1_22' title='bbox 466 813 565 883; x_wconf 88' lang='lat' dir='ltr'><strong>etiam</strong></span> <span class='ocrx_word' id='word_1_23' title='bbox 585 812 636 880; x_wconf 88' lang='lat' dir='ltr'><strong>vir</strong></span> <span class='ocrx_word' id='word_1_24' title='bbox 658 809 836 879; x_wconf 86' lang='lat' dir='ltr'><strong>fortissime</strong></span> <span class='ocrx_word' id='word_1_25' title='bbox 857 807 1032 895; x_wconf 84' lang='lat' dir='ltr'>subirasci,</span> <span class='ocrx_word' id='word_1_26' title='bbox 1058 808 1238 902; x_wconf 82' lang='lat' dir='ltr'><strong>indignari,</strong></span> <span class='ocrx_word' id='word_1_27' title='bbox 1264 833 1401 877; x_wconf 87' lang='lat' dir='ltr'><strong>omnem</strong></span> 
     </span>
     <span class='ocr_line' id='line_1_5' title="bbox 322 915 1402 1014; baseline -0.003 -27"><span class='ocrx_word' id='word_1_28' title='bbox 322 921 413 1014; x_wconf 88' lang='lat' dir='ltr'><strong>pacis</strong></span> <span class='ocrx_word' id='word_1_29' title='bbox 436 920 588 987; x_wconf 89' lang='lat' dir='ltr'><strong>omittere</strong></span> <span class='ocrx_word' id='word_1_30' title='bbox 615 917 829 985; x_wconf 78' lang='lat' dir='ltr'><strong>mentionem.</strong></span> <span class='ocrx_word' id='word_1_31' title='bbox 859 916 937 1008; x_wconf 91' lang='lat' dir='ltr'><strong>Ipse</strong></span> <span class='ocrx_word' id='word_1_32' title='bbox 965 938 1046 983; x_wconf 89' lang='lat' dir='ltr'><strong>vero</strong></span> <span class='ocrx_word' id='word_1_33' title='bbox 1072 940 1141 983; x_wconf 92' lang='lat' dir='ltr'><strong>non</strong></span> <span class='ocrx_word' id='word_1_34' title='bbox 1168 915 1310 1002; x_wconf 83' lang='lat' dir='ltr'><strong>destitit,</strong></span> <span class='ocrx_word' id='word_1_35' title='bbox 1343 916 1402 985; x_wconf 91' lang='lat' dir='ltr'><strong>sed</strong></span> 
     </span>
     <span class='ocr_line' id='line_1_6' title="bbox 323 1019 1401 1118; baseline -0.002 -25"><span class='ocrx_word' id='word_1_36' title='bbox 323 1025 413 1093; x_wconf 93' lang='lat' dir='ltr'><strong>aliud</strong></span> <span class='ocrx_word' id='word_1_37' title='bbox 433 1026 495 1094; x_wconf 92' lang='lat' dir='ltr'><strong>iter</strong></span> <span class='ocrx_word' id='word_1_38' title='bbox 513 1026 604 1118; x_wconf 82' lang='lat' dir='ltr'><strong>pacis</strong></span> <span class='ocrx_word' id='word_1_39' title='bbox 629 1025 797 1117; x_wconf 82' lang='lat' dir='ltr'><strong>ingressus</strong></span> <span class='ocrx_word' id='word_1_40' title='bbox 823 1035 988 1090; x_wconf 83' lang='lat' dir='ltr'><strong>retentare</strong></span> <span class='ocrx_word' id='word_1_41' title='bbox 1011 1019 1136 1109; x_wconf 88' lang='lat' dir='ltr'><strong>voluit,</strong></span> <span class='ocrx_word' id='word_1_42' title='bbox 1159 1046 1202 1090; x_wconf 90' lang='lat' dir='ltr'><strong>an</strong></span> <span class='ocrx_word' id='word_1_43' title='bbox 1230 1022 1321 1115; x_wconf 94' lang='lat' dir='ltr'><strong>quod</strong></span> <span class='ocrx_word' id='word_1_44' title='bbox 1349 1046 1401 1091; x_wconf 91' lang='lat' dir='ltr'><strong>se·</strong></span> 
     </span>
     <span class='ocr_line' id='line_1_7' title="bbox 233 1122 1402 1225; baseline -0.003 -24"><span class='ocrx_word' id='word_1_45' title='bbox 233 1122 236 1137; x_wconf 80' lang='grc'><strong>’</strong></span> <span class='ocrx_word' id='word_1_46' title='bbox 323 1146 415 1201; x_wconf 90' lang='lat' dir='ltr'><strong>creto</strong></span> <span class='ocrx_word' id='word_1_47' title='bbox 428 1156 497 1200; x_wconf 90' lang='lat' dir='ltr'><strong>non</strong></span> <span class='ocrx_word' id='word_1_48' title='bbox 512 1143 684 1225; x_wconf 89' lang='lat' dir='ltr'><strong>potuerat,</strong></span> <span class='ocrx_word' id='word_1_49' title='bbox 696 1127 807 1223; x_wconf 90' lang='lat' dir='ltr'><strong>palam</strong></span> <span class='ocrx_word' id='word_1_50' title='bbox 820 1142 941 1223; x_wconf 89' lang='lat' dir='ltr'><strong>posset.</strong></span> <span class='ocrx_word' id='word_1_51' title='bbox 956 1130 1039 1197; x_wconf 86' lang='lat' dir='ltr'><strong>Erat</strong></span> <span class='ocrx_word' id='word_1_52' title='bbox 1053 1129 1140 1197; x_wconf 88' lang='lat' dir='ltr'><strong>inter</strong></span> <span class='ocrx_word' id='word_1_53' title='bbox 1154 1143 1263 1197; x_wconf 86' lang='lat' dir='ltr'><strong>castra</strong></span> <span class='ocrx_word' id='word_1_54' title='bbox 1276 1129 1402 1199; x_wconf 91' lang='lat' dir='ltr'><strong>ducum</strong></span> 
     </span>
     <span class='ocr_line' id='line_1_8' title="bbox 323 1234 1403 1331; baseline -0.002 -24"><span class='ocrx_word' id='word_1_55' title='bbox 323 1239 429 1307; x_wconf 91' lang='lat' dir='ltr'><strong>amnis</strong></span> <span class='ocrx_word' id='word_1_56' title='bbox 441 1263 527 1306; x_wconf 91' lang='lat' dir='ltr'><strong>unus</strong></span> <span class='ocrx_word' id='word_1_57' title='bbox 541 1238 678 1331; x_wconf 83' lang='lat' dir='ltr'><strong>exiguus</strong></span> <span class='ocrx_word' id='word_1_58' title='bbox 693 1237 804 1329; x_wconf 88' lang='lat' dir='ltr'><strong>Apsus</strong></span> <span class='ocrx_word' id='word_1_59' title='bbox 821 1235 973 1318; x_wconf 87' lang='lat' dir='ltr'><strong>nomiue;</strong></span> <span class='ocrx_word' id='word_1_60' title='bbox 990 1235 1036 1302; x_wconf 92' lang='lat' dir='ltr'><strong>ibi</strong></span> <span class='ocrx_word' id='word_1_61' title='bbox 1049 1234 1168 1305; x_wconf 88' lang='lat' dir='ltr'><strong>milites</strong></span> <span class='ocrx_word' id='word_1_62' title='bbox 1181 1235 1302 1305; x_wconf 89' lang='lat' dir='ltr'><strong>crebro</strong></span> <span class='ocrx_word' id='word_1_63' title='bbox 1314 1237 1403 1305; x_wconf 82' lang='lat' dir='ltr'><strong>inter</strong></span> 
     </span>
     <span class='ocr_line' id='line_1_9' title="bbox 324 1340 1402 1439; baseline -0.002 -26"><span class='ocrx_word' id='word_1_64' title='bbox 324 1369 358 1413; x_wconf 92' lang='lat' dir='ltr'><strong>se</strong></span> <span class='ocrx_word' id='word_1_65' title='bbox 380 1344 574 1439; x_wconf 87' lang='lat' dir='ltr'><strong>quotidiana</strong></span> <span class='ocrx_word' id='word_1_66' title='bbox 595 1341 760 1436; x_wconf 92' lang='lat' dir='ltr'><strong>colloquia</strong></span> <span class='ocrx_word' id='word_1_67' title='bbox 781 1366 890 1411; x_wconf 89' lang='lat' dir='ltr'><strong>serere</strong></span> <span class='ocrx_word' id='word_1_68' title='bbox 909 1340 997 1409; x_wconf 90' lang='lat' dir='ltr'><strong>soliti</strong></span> <span class='ocrx_word' id='word_1_69' title='bbox 1017 1356 1129 1428; x_wconf 89' lang='lat' dir='ltr'><strong>erant,</strong></span> <span class='ocrx_word' id='word_1_70' title='bbox 1143 1344 1214 1413; x_wconf 88' lang='lat' dir='ltr'><strong>sine</strong></span> <span class='ocrx_word' id='word_1_71' title='bbox 1231 1341 1300 1411; x_wconf 93' lang='lat' dir='ltr'><strong>ullo</strong></span> <span class='ocrx_word' id='word_1_72' title='bbox 1320 1341 1402 1411; x_wconf 90' lang='lat' dir='ltr'><strong>telo·</strong></span> 
     </span>
     <span class='ocr_line' id='line_1_10' title="bbox 324 1448 1403 1544; baseline -0.001 -25"><span class='ocrx_word' id='word_1_73' title='bbox 324 1475 400 1519; x_wconf 89' lang='lat' dir='ltr'><strong>rum</strong></span> <span class='ocrx_word' id='word_1_74' title='bbox 414 1448 562 1544; x_wconf 87' lang='lat' dir='ltr'><strong>periculo</strong></span> <span class='ocrx_word' id='word_1_75' title='bbox 575 1504 586 1537; x_wconf 90' lang='lat'><strong>,</strong></span> <span class='ocrx_word' id='word_1_76' title='bbox 600 1450 693 1543; x_wconf 89' lang='lat' dir='ltr'><strong>quasi</strong></span> <span class='ocrx_word' id='word_1_77' title='bbox 711 1450 798 1518; x_wconf 89' lang='lat' dir='ltr'><strong>inter</strong></span> <span class='ocrx_word' id='word_1_78' title='bbox 810 1461 921 1542; x_wconf 87' lang='lat' dir='ltr'><strong>partes</strong></span> <span class='ocrx_word' id='word_1_79' title='bbox 935 1449 1159 1535; x_wconf 88' lang='lat' dir='ltr'><strong>convenisset,</strong></span> <span class='ocrx_word' id='word_1_80' title='bbox 1175 1448 1403 1543; x_wconf 87' lang='lat' dir='ltr'><strong>colloquendi,</strong></span> 
     </span>
     <span class='ocr_line' id='line_1_11' title="bbox 323 1554 1403 1649; baseline -0.003 -24"><span class='ocrx_word' id='word_1_81' title='bbox 323 1556 441 1644; x_wconf 89' lang='lat' dir='ltr'><strong>credo,</strong></span> <span class='ocrx_word' id='word_1_82' title='bbox 463 1555 626 1625; x_wconf 89' lang='lat' dir='ltr'><strong>desiderio</strong></span> <span class='ocrx_word' id='word_1_83' title='bbox 648 1556 810 1649; x_wconf 84' lang='lat' dir='ltr'><strong>tantisper</strong></span> <span class='ocrx_word' id='word_1_84' title='bbox 830 1555 896 1623; x_wconf 91' lang='lat' dir='ltr'><strong>iras</strong></span> <span class='ocrx_word' id='word_1_85' title='bbox 918 1554 1104 1623; x_wconf 88' lang='lat' dir='ltr'><strong>cohibente.</strong></span> <span class='ocrx_word' id='word_1_86' title='bbox 1128 1554 1200 1625; x_wconf 92' lang='lat' dir='ltr'><strong>Illic</strong></span> <span class='ocrx_word' id='word_1_87' title='bbox 1228 1558 1341 1625; x_wconf 81' lang='lat' dir='ltr'><strong>Caesar</strong></span> <span class='ocrx_word' id='word_1_88' title='bbox 1367 1560 1403 1625; x_wconf 92' lang='lat' dir='ltr'><strong>P.</strong></span> 
     </span>
     <span class='ocr_line' id='line_1_12' title="bbox 324 1660 1404 1763; baseline 0 -31"><span class='ocrx_word' id='word_1_89' title='bbox 324 1664 555 1740; x_wconf 85' lang='lat' dir='ltr'><strong>Vatiniumex</strong></span> <span class='ocrx_word' id='word_1_90' title='bbox 577 1662 692 1757; x_wconf 82' lang='lat' dir='ltr'><strong>legatis</strong></span> <span class='ocrx_word' id='word_1_91' title='bbox 713 1664 780 1763; x_wconf 84' lang='lat' dir='ltr'><strong>suis</strong></span> <span class='ocrx_word' id='word_1_92' title='bbox 801 1663 849 1729; x_wconf 87' lang='lat' dir='ltr'><strong>ire</strong></span> <span class='ocrx_word' id='word_1_93' title='bbox 868 1660 981 1752; x_wconf 89' lang='lat' dir='ltr'><strong>jubet,</strong></span> <span class='ocrx_word' id='word_1_94' title='bbox 1004 1674 1039 1729; x_wconf 90' lang='lat' dir='ltr'><strong>et</strong></span> <span class='ocrx_word' id='word_1_95' title='bbox 1055 1686 1273 1757; x_wconf 69' lang='lat' dir='ltr'><strong>quaecumque</strong></span> <span class='ocrx_word' id='word_1_96' title='bbox 1297 1666 1404 1757; x_wconf 82' lang='lat' dir='ltr'><strong>magis</strong></span> 
     </span>
     <span class='ocr_line' id='line_1_13' title="bbox 324 1768 1404 1865; baseline 0.001 -28"><span class='ocrx_word' id='word_1_97' title='bbox 324 1772 499 1849; x_wconf 71' lang='lat' dir='ltr'><strong>estimaret</strong></span> <span class='ocrx_word' id='word_1_98' title='bbox 507 1769 551 1839; x_wconf 89' lang='lat' dir='ltr'><strong>ad</strong></span> <span class='ocrx_word' id='word_1_99' title='bbox 560 1794 678 1864; x_wconf 89' lang='lat' dir='ltr'><strong>pacem</strong></span> <span class='ocrx_word' id='word_1_100' title='bbox 691 1782 824 1837; x_wconf 90' lang='lat' dir='ltr'><strong>motura</strong></span> <span class='ocrx_word' id='word_1_101' title='bbox 834 1769 980 1856; x_wconf 89' lang='lat' dir='ltr'><strong>animos,</strong></span> <span class='ocrx_word' id='word_1_102' title='bbox 989 1792 1067 1837; x_wconf 88' lang='lat' dir='ltr'><strong>cum</strong></span> <span class='ocrx_word' id='word_1_103' title='bbox 1077 1768 1205 1838; x_wconf 88' lang='lat' dir='ltr'><strong>civibus</strong></span> <span class='ocrx_word' id='word_1_104' title='bbox 1212 1770 1404 1865; x_wconf 89' lang='lat' dir='ltr'><strong>eisdemque</strong></span> 
     </span>
     <span class='ocr_line' id='line_1_14' title="bbox 325 1873 1402 1971; baseline 0.001 -26"><span class='ocrx_word' id='word_1_105' title='bbox 325 1876 478 1950; x_wconf 86' lang='lat' dir='ltr'><strong>hostibus</strong></span> <span class='ocrx_word' id='word_1_106' title='bbox 494 1901 609 1971; x_wconf 85' lang='lat' dir='ltr'><strong>agere,</strong></span> <span class='ocrx_word' id='word_1_107' title='bbox 630 1891 664 1946; x_wconf 89' lang='lat' dir='ltr'><strong>et</strong></span> <span class='ocrx_word' id='word_1_108' title='bbox 684 1900 770 1970; x_wconf 80' lang='lat' dir='ltr'><strong>saepe</strong></span> <span class='ocrx_word' id='word_1_109' title='bbox 792 1873 859 1945; x_wconf 84' lang='lat' dir='ltr'><strong>alta</strong></span> <span class='ocrx_word' id='word_1_110' title='bbox 881 1899 965 1943; x_wconf 90' lang='lat' dir='ltr'><strong>voce</strong></span> <span class='ocrx_word' id='word_1_111' title='bbox 983 1900 1146 1968; x_wconf 68' lang='lat' dir='ltr'><strong>quaerere,</strong></span> <span class='ocrx_word' id='word_1_112' title='bbox 1172 1874 1331 1945; x_wconf 87' lang='lat' dir='ltr'><strong>liceretne</strong></span> <span class='ocrx_word' id='word_1_113' title='bbox 1358 1879 1402 1946; x_wconf 89' lang='lat' dir='ltr'><strong>ci·</strong></span> 
     </span>
     <span class='ocr_line' id='line_1_15' title="bbox 324 1979 1404 2077; baseline 0.004 -28"><span class='ocrx_word' id='word_1_114' title='bbox 324 1982 438 2068; x_wconf 83' lang='lat' dir='ltr'><strong>vibus,</strong></span> <span class='ocrx_word' id='word_1_115' title='bbox 456 1982 546 2076; x_wconf 93' lang='lat' dir='ltr'><strong>quod</strong></span> <span class='ocrx_word' id='word_1_116' title='bbox 570 1983 716 2077; x_wconf 83' lang='lat' dir='ltr'><strong>fugitivis</strong></span> <span class='ocrx_word' id='word_1_117' title='bbox 740 1979 908 2050; x_wconf 90' lang='lat' dir='ltr'><strong>interdum</strong></span> <span class='ocrx_word' id='word_1_118' title='bbox 940 2005 978 2049; x_wconf 92' lang='lat' dir='ltr'><strong>ac</strong></span> <span class='ocrx_word' id='word_1_119' title='bbox 1004 1981 1217 2075; x_wconf 70' lang='lat' dir='ltr'><strong>predonibus</strong></span> <span class='ocrx_word' id='word_1_120' title='bbox 1239 1982 1404 2071; x_wconf 86' lang='lat' dir='ltr'><strong>licuisset,</strong></span> 
     </span>
     <span class='ocr_line' id='line_1_16' title="bbox 325 2086 1405 2182; baseline 0.005 -27"><span class='ocrx_word' id='word_1_121' title='bbox 325 2086 451 2182; x_wconf 81' lang='lat' dir='ltr'><strong>legatos</strong></span> <span class='ocrx_word' id='word_1_122' title='bbox 477 2089 518 2157; x_wconf 89' lang='lat' dir='ltr'><strong>de</strong></span> <span class='ocrx_word' id='word_1_123' title='bbox 539 2112 621 2182; x_wconf 88' lang='lat' dir='ltr'><strong>pace</strong></span> <span class='ocrx_word' id='word_1_124' title='bbox 642 2090 790 2174; x_wconf 87' lang='lat' dir='ltr'><strong>mittere,</strong></span> <span class='ocrx_word' id='word_1_125' title='bbox 805 2112 854 2159; x_wconf 78' lang='lat' dir='ltr'><strong>,ne</strong></span> <span class='ocrx_word' id='word_1_126' title='bbox 870 2088 960 2155; x_wconf 89' lang='lat' dir='ltr'><strong>cives</strong></span> <span class='ocrx_word' id='word_1_127' title='bbox 981 2088 1068 2157; x_wconf 89' lang='lat' dir='ltr'><strong>inter</strong></span> <span class='ocrx_word' id='word_1_128' title='bbox 1084 2115 1120 2157; x_wconf 91' lang='lat' dir='ltr'><strong>se</strong></span> <span class='ocrx_word' id='word_1_129' title='bbox 1141 2088 1274 2159; x_wconf 81' lang='lat' dir='ltr'><strong>fimesto</strong></span> <span class='ocrx_word' id='word_1_130' title='bbox 1292 2093 1405 2160; x_wconf 88' lang='lat' dir='ltr'><strong>Marte</strong></span> 
     </span>
     <span class='ocr_line' id='line_1_17' title="bbox 325 2180 1405 2281; baseline 0.004 -18"><span class='ocrx_word' id='word_1_131' title='bbox 325 2180 582 2281; x_wconf 81' lang='lat' dir='ltr'><strong>concurrerent,</strong></span> <span class='ocrx_word' id='word_1_132' title='bbox 608 2208 642 2264; x_wconf 89' lang='lat' dir='ltr'><strong>ct</strong></span> <span class='ocrx_word' id='word_1_133' title='bbox 665 2218 804 2265; x_wconf 90' lang='lat' dir='ltr'><strong>suorum</strong></span> <span class='ocrx_word' id='word_1_134' title='bbox 829 2194 981 2262; x_wconf 83' lang='lat' dir='ltr'><strong>manibus</strong></span> <span class='ocrx_word' id='word_1_135' title='bbox 1010 2219 1188 2263; x_wconf 85' lang='lat' dir='ltr'><strong>romanum</strong></span> <span class='ocrx_word' id='word_1_136' title='bbox 1214 2212 1405 2267; x_wconf 83' lang='lat' dir='ltr'><strong>everterent</strong></span> 
     </span>
     <span class='ocr_line' id='line_1_18' title="bbox 326 2299 1405 2396; baseline 0.005 -28"><span class='ocrx_word' id='word_1_137' title='bbox 326 2303 505 2396; x_wconf 89' lang='lat' dir='ltr'><strong>imperium</strong></span> <span class='ocrx_word' id='word_1_138' title='bbox 515 2299 643 2375; x_wconf 87' lang='lat' dir='ltr'><strong>:multa</strong></span> <span class='ocrx_word' id='word_1_139' title='bbox 660 2324 794 2394; x_wconf 91' lang='lat' dir='ltr'><strong>quoque</strong></span> <span class='ocrx_word' id='word_1_140' title='bbox 808 2299 948 2370; x_wconf 86' lang='lat' dir='ltr'><strong>humilia</strong></span> <span class='ocrx_word' id='word_1_141' title='bbox 962 2301 1084 2389; x_wconf 88' lang='lat' dir='ltr'><strong>verba,</strong></span> <span class='ocrx_word' id='word_1_142' title='bbox 1104 2318 1137 2371; x_wconf 90' lang='lat' dir='ltr'><strong>et</strong></span> <span class='ocrx_word' id='word_1_143' title='bbox 1151 2327 1241 2396; x_wconf 82' lang='lat' dir='ltr'><strong>quae,</strong></span> <span class='ocrx_word' id='word_1_144' title='bbox 1262 2319 1301 2372; x_wconf 93' lang='lat' dir='ltr'><strong>ut</strong></span> <span class='ocrx_word' id='word_1_145' title='bbox 1322 2304 1405 2392; x_wconf 85' lang='lat' dir='ltr'><strong>dixi,</strong></span> 
     </span>
     <span class='ocr_line' id='line_1_19' title="bbox 325 2405 1406 2502; baseline 0.004 -27"><span class='ocrx_word' id='word_1_146' title='bbox 325 2408 470 2477; x_wconf 88' lang='lat' dir='ltr'><strong>timentis</strong></span> <span class='ocrx_word' id='word_1_147' title='bbox 492 2405 597 2477; x_wconf 89' lang='lat' dir='ltr'><strong>videri</strong></span> <span class='ocrx_word' id='word_1_148' title='bbox 617 2421 776 2502; x_wconf 80' lang='lat' dir='ltr'><strong>possent,</strong></span> <span class='ocrx_word' id='word_1_149' title='bbox 790 2409 853 2476; x_wconf 88' lang='lat' dir='ltr'><strong>nisi</strong></span> <span class='ocrx_word' id='word_1_150' title='bbox 877 2432 897 2475; x_wconf 87' lang='lat' dir='ltr'><strong>a</strong></span> <span class='ocrx_word' id='word_1_151' title='bbox 927 2411 1058 2478; x_wconf 82' lang='lat' dir='ltr'><strong>Caesare</strong></span> <span class='ocrx_word' id='word_1_152' title='bbox 1083 2409 1282 2479; x_wconf 84' lang='lat' dir='ltr'><strong>dicerentur.</strong></span> <span class='ocrx_word' id='word_1_153' title='bbox 1306 2413 1406 2481; x_wconf 83' lang='lat' dir='ltr'><strong>Paret</strong></span> 
     </span>
     <span class='ocr_line' id='line_1_20' title="bbox 324 2513 1403 2609; baseline 0.006 -28"><span class='ocrx_word' id='word_1_154' title='bbox 324 2513 395 2601; x_wconf 88' lang='lat' dir='ltr'><strong>illc,</strong></span> <span class='ocrx_word' id='word_1_155' title='bbox 409 2529 443 2584; x_wconf 88' lang='lat' dir='ltr'><strong>et</strong></span> <span class='ocrx_word' id='word_1_156' title='bbox 457 2515 499 2584; x_wconf 92' lang='lat' dir='ltr'><strong>ad</strong></span> <span class='ocrx_word' id='word_1_157' title='bbox 512 2516 618 2609; x_wconf 91' lang='lat' dir='ltr'><strong>ripam</strong></span> <span class='ocrx_word' id='word_1_158' title='bbox 636 2516 743 2584; x_wconf 87' lang='lat' dir='ltr'><strong>amnis</strong></span> <span class='ocrx_word' id='word_1_159' title='bbox 762 2514 952 2609; x_wconf 82' lang='lat' dir='ltr'><strong>profectus,</strong></span> <span class='ocrx_word' id='word_1_160' title='bbox 969 2515 1127 2586; x_wconf 87' lang='lat' dir='ltr'><strong>mandata</strong></span> <span class='ocrx_word' id='word_1_161' title='bbox 1141 2520 1193 2585; x_wconf 90' lang='lat' dir='ltr'><strong>sui</strong></span> <span class='ocrx_word' id='word_1_162' title='bbox 1214 2518 1308 2587; x_wconf 89' lang='lat' dir='ltr'><strong>ducis</strong></span> <span class='ocrx_word' id='word_1_163' title='bbox 1327 2545 1403 2588; x_wconf 86' lang='lat' dir='ltr'><strong>exe·</strong></span> 
     </span>
     <span class='ocr_line' id='line_1_21' title="bbox 324 2615 1401 2720; baseline 0.006 -32"><span class='ocrx_word' id='word_1_164' title='bbox 324 2622 452 2714; x_wconf 88' lang='lat' dir='ltr'><strong>quitur,</strong></span> <span class='ocrx_word' id='word_1_165' title='bbox 471 2636 505 2690; x_wconf 90' lang='lat' dir='ltr'><strong>et</strong></span> <span class='ocrx_word' id='word_1_166' title='bbox 518 2615 561 2690; x_wconf 82' lang='lat' dir='ltr'><strong>ab</strong></span> <span class='ocrx_word' id='word_1_167' title='bbox 575 2636 720 2720; x_wconf 75' lang='lat' dir='ltr'><strong>utraque=</strong></span> <span class='ocrx_word' id='word_1_168' title='bbox 733 2624 879 2715; x_wconf 87' lang='lat' dir='ltr'><strong>partium</strong></span> <span class='ocrx_word' id='word_1_169' title='bbox 897 2622 1024 2716; x_wconf 80' lang='lat' dir='ltr'><strong>ingenti</strong></span> <span class='ocrx_word' id='word_1_170' title='bbox 1043 2621 1173 2693; x_wconf 91' lang='lat' dir='ltr'><strong>silentio</strong></span> <span class='ocrx_word' id='word_1_171' title='bbox 1189 2625 1324 2694; x_wconf 87' lang='lat' dir='ltr'><strong>auditus</strong></span> <span class='ocrx_word' id='word_1_172' title='bbox 1338 2642 1401 2696; x_wconf 89' lang='lat' dir='ltr'><strong>est:</strong></span> 
     </span>
     <span class='ocr_line' id='line_1_22' title="bbox 326 2726 1403 2828; baseline 0.006 -33"><span class='ocrx_word' id='word_1_173' title='bbox 326 2752 589 2822; x_wconf 88' lang='lat' dir='ltr'><strong>responsumque</strong></span> <span class='ocrx_word' id='word_1_174' title='bbox 614 2728 657 2796; x_wconf 93' lang='lat' dir='ltr'><strong>ab</strong></span> <span class='ocrx_word' id='word_1_175' title='bbox 679 2726 839 2816; x_wconf 84' lang='lat' dir='ltr'><strong>adverso,</strong></span> <span class='ocrx_word' id='word_1_176' title='bbox 861 2727 952 2822; x_wconf 93' lang='lat' dir='ltr'><strong>quod</strong></span> <span class='ocrx_word' id='word_1_177' title='bbox 974 2726 1079 2798; x_wconf 86' lang='lat' dir='ltr'><strong>Aulus</strong></span> <span class='ocrx_word' id='word_1_178' title='bbox 1100 2732 1231 2816; x_wconf 89' lang='lat' dir='ltr'><strong>Varro,</strong></span> <span class='ocrx_word' id='word_1_179' title='bbox 1248 2731 1302 2822; x_wconf 79' lang='lat' dir='ltr'><strong>die</strong></span> <span class='ocrx_word' id='word_1_180' title='bbox 1324 2759 1403 2828; x_wconf 89' lang='lat' dir='ltr'><strong>pro·</strong></span> 
     </span>
     <span class='ocr_line' id='line_1_23' title="bbox 324 2833 1403 2928; baseline 0.006 -26"><span class='ocrx_word' id='word_1_181' title='bbox 324 2835 430 2922; x_wconf 80' lang='lat' dir='ltr'><strong>xima,</strong></span> <span class='ocrx_word' id='word_1_182' title='bbox 451 2834 494 2903; x_wconf 86' lang='lat' dir='ltr'><strong>ad</strong></span> <span class='ocrx_word' id='word_1_183' title='bbox 517 2833 883 2928; x_wconf 88' lang='lat' dir='ltr'><strong>colloquiumveniret:</strong></span> <span class='ocrx_word' id='word_1_184' title='bbox 903 2833 1002 2928; x_wconf 84' lang='lat' dir='ltr'><strong>legati</strong></span> <span class='ocrx_word' id='word_1_185' title='bbox 1020 2849 1133 2905; x_wconf 89' lang='lat' dir='ltr'><strong>autem</strong></span> <span class='ocrx_word' id='word_1_186' title='bbox 1151 2849 1225 2906; x_wconf 85' lang='lat' dir='ltr'><strong>tuto</strong></span> <span class='ocrx_word' id='word_1_187' title='bbox 1239 2853 1274 2906; x_wconf 90' lang='lat' dir='ltr'><strong>et</strong></span> <span class='ocrx_word' id='word_1_188' title='bbox 1287 2842 1403 2909; x_wconf 80' lang='lat' dir='ltr'><strong>venire</strong></span> 
     </span>
     <span class='ocr_line' id='line_1_24' title="bbox 325 2938 1403 3036; baseline 0.007 -27"><span class='ocrx_word' id='word_1_189' title='bbox 325 2955 476 3034; x_wconf 86' lang='lat' dir='ltr'><strong>possent,</strong></span> <span class='ocrx_word' id='word_1_190' title='bbox 494 2955 527 3008; x_wconf 91' lang='lat' dir='ltr'><strong>et</strong></span> <span class='ocrx_word' id='word_1_191' title='bbox 545 2966 619 3035; x_wconf 87' lang='lat' dir='ltr'><strong>quae</strong></span> <span class='ocrx_word' id='word_1_192' title='bbox 641 2938 880 3034; x_wconf 86' lang='lat' dir='ltr'><strong>vellentloqui.</strong></span> <span class='ocrx_word' id='word_1_193' title='bbox 899 2942 1035 3011; x_wconf 85' lang='lat' dir='ltr'><strong>Vatinio</strong></span> <span class='ocrx_word' id='word_1_194' title='bbox 1053 2967 1186 3036; x_wconf 89' lang='lat' dir='ltr'><strong>quoque</strong></span> <span class='ocrx_word' id='word_1_195' title='bbox 1198 2943 1270 3014; x_wconf 91' lang='lat' dir='ltr'><strong>dies</strong></span> <span class='ocrx_word' id='word_1_196' title='bbox 1287 2945 1403 3017; x_wconf 86' lang='lat' dir='ltr'><strong>eadem</strong></span> 
     </span>
     <span class='ocr_line' id='line_1_25' title="bbox 325 3045 1403 3140; baseline 0.009 -26"><span class='ocrx_word' id='word_1_197' title='bbox 325 3046 368 3114; x_wconf 91' lang='lat' dir='ltr'><strong>ad</strong></span> <span class='ocrx_word' id='word_1_198' title='bbox 383 3046 524 3116; x_wconf 89' lang='lat' dir='ltr'><strong>reditum</strong></span> <span class='ocrx_word' id='word_1_199' title='bbox 541 3045 689 3140; x_wconf 81' lang='lat' dir='ltr'><strong>praefixa3</strong></span> <span class='ocrx_word' id='word_1_200' title='bbox 705 3049 763 3140; x_wconf 89' lang='lat' dir='ltr'><strong>qui</strong></span> <span class='ocrx_word' id='word_1_201' title='bbox 776 3072 879 3140; x_wconf 90' lang='lat' dir='ltr'><strong>quum</strong></span> <span class='ocrx_word' id='word_1_202' title='bbox 895 3048 1061 3133; x_wconf 87' lang='lat' dir='ltr'><strong>venisset,</strong></span> <span class='ocrx_word' id='word_1_203' title='bbox 1074 3062 1108 3117; x_wconf 90' lang='lat' dir='ltr'><strong>et</strong></span> <span class='ocrx_word' id='word_1_204' title='bbox 1123 3048 1179 3118; x_wconf 88' lang='lat' dir='ltr'><strong>ille</strong></span> <span class='ocrx_word' id='word_1_205' title='bbox 1195 3050 1239 3118; x_wconf 88' lang='lat' dir='ltr'><strong>ad</strong></span> <span class='ocrx_word' id='word_1_206' title='bbox 1258 3053 1403 3124; x_wconf 87' lang='lat' dir='ltr'><strong>eundem</strong></span> 
     </span>
     <span class='ocr_line' id='line_1_26' title="bbox 325 3151 1401 3248; baseline 0.008 -26"><span class='ocrx_word' id='word_1_207' title='bbox 325 3151 437 3224; x_wconf 90' lang='lat' dir='ltr'><strong>locum</strong></span> <span class='ocrx_word' id='word_1_208' title='bbox 468 3151 633 3239; x_wconf 72' lang='lat' dir='ltr'><strong>rediisset,</strong></span> <span class='ocrx_word' id='word_1_209' title='bbox 656 3153 754 3221; x_wconf 88' lang='lat' dir='ltr'><strong>turba</strong></span> <span class='ocrx_word' id='word_1_210' title='bbox 781 3155 898 3247; x_wconf 80' lang='lat' dir='ltr'><strong>ingens</strong></span> <span class='ocrx_word' id='word_1_211' title='bbox 928 3154 1084 3247; x_wconf 89' lang='lat' dir='ltr'><strong>utrinque</strong></span> <span class='ocrx_word' id='word_1_212' title='bbox 1112 3174 1334 3248; x_wconf 79' lang='lat' dir='ltr'><strong>convenerat,</strong></span> <span class='ocrx_word' id='word_1_213' title='bbox 1353 3163 1401 3230; x_wconf 92' lang='lat' dir='ltr'><strong>in·</strong></span> 
     </span>
     <span class='ocr_line' id='line_1_27' title="bbox 325 3258 1402 3353; baseline 0.006 -24"><span class='ocrx_word' id='word_1_214' title='bbox 325 3261 440 3346; x_wconf 89' lang='lat' dir='ltr'><strong>tentis,</strong></span> <span class='ocrx_word' id='word_1_215' title='bbox 455 3275 493 3328; x_wconf 95' lang='lat' dir='ltr'><strong>ut</strong></span> <span class='ocrx_word' id='word_1_216' title='bbox 504 3258 693 3346; x_wconf 87' lang='lat' dir='ltr'><strong>videbatur,</strong></span> <span class='ocrx_word' id='word_1_217' title='bbox 707 3258 750 3326; x_wconf 92' lang='lat' dir='ltr'><strong>ad</strong></span> <span class='ocrx_word' id='word_1_218' title='bbox 763 3283 881 3353; x_wconf 90' lang='lat' dir='ltr'><strong>pacem</strong></span> <span class='ocrx_word' id='word_1_219' title='bbox 896 3260 1030 3344; x_wconf 88' lang='lat' dir='ltr'><strong>animis,</strong></span> <span class='ocrx_word' id='word_1_220' title='bbox 1047 3260 1128 3329; x_wconf 92' lang='lat' dir='ltr'><strong>dmn</strong></span> <span class='ocrx_word' id='word_1_221' title='bbox 1141 3287 1194 3332; x_wconf 88' lang='lat' dir='ltr'><strong>res</strong></span> <span class='ocrx_word' id='word_1_222' title='bbox 1212 3263 1255 3331; x_wconf 91' lang='lat' dir='ltr'><strong>ad</strong></span> <span class='ocrx_word' id='word_1_223' title='bbox 1274 3265 1402 3336; x_wconf 89' lang='lat' dir='ltr'><strong>bonum</strong></span> 
     </span>
     <span class='ocr_line' id='line_1_28' title="bbox 326 3365 1401 3460; baseline 0.008 -26"><span class='ocrx_word' id='word_1_224' title='bbox 326 3369 450 3434; x_wconf 79' lang='lat' dir='ltr'><strong>exitum</strong></span> <span class='ocrx_word' id='word_1_225' title='bbox 476 3390 583 3460; x_wconf 86' lang='lat' dir='ltr'><strong>prona</strong></span> <span class='ocrx_word' id='word_1_226' title='bbox 612 3379 705 3436; x_wconf 85' lang='lat' dir='ltr'><strong>esset</strong></span> <span class='ocrx_word' id='word_1_227' title='bbox 736 3365 905 3438; x_wconf 92' lang='lat' dir='ltr'><strong>Labienus</strong></span> <span class='ocrx_word' id='word_1_228' title='bbox 936 3366 1082 3459; x_wconf 84' lang='lat' dir='ltr'><strong>prodiit,</strong></span> <span class='ocrx_word' id='word_1_229' title='bbox 1108 3382 1242 3438; x_wconf 89' lang='lat' dir='ltr'><strong>etcum</strong></span> <span class='ocrx_word' id='word_1_230' title='bbox 1266 3375 1401 3443; x_wconf 86' lang='lat' dir='ltr'><strong>Vatinio</strong></span> 
     </span>
     <span class='ocr_line' id='line_1_29' title="bbox 326 3471 1401 3569; baseline 0.007 -27"><span class='ocrx_word' id='word_1_231' title='bbox 326 3472 469 3566; x_wconf 78' lang='lat' dir='ltr'><strong>colloqui</strong></span> <span class='ocrx_word' id='word_1_232' title='bbox 489 3475 590 3566; x_wconf 85' lang='lat' dir='ltr'><strong>coepit</strong></span> <span class='ocrx_word' id='word_1_233' title='bbox 609 3486 709 3564; x_wconf 89' lang='lat' dir='ltr'><strong>atque</strong></span> <span class='ocrx_word' id='word_1_234' title='bbox 730 3471 950 3559; x_wconf 87' lang='lat' dir='ltr'><strong>contendere,</strong></span> <span class='ocrx_word' id='word_1_235' title='bbox 965 3487 1003 3541; x_wconf 93' lang='lat' dir='ltr'><strong>ut</strong></span> <span class='ocrx_word' id='word_1_236' title='bbox 1019 3476 1076 3566; x_wconf 91' lang='lat' dir='ltr'><strong>qui</strong></span> <span class='ocrx_word' id='word_1_237' title='bbox 1095 3476 1222 3569; x_wconf 83' lang='lat' dir='ltr'><strong>ingenti</strong></span> <span class='ocrx_word' id='word_1_238' title='bbox 1236 3478 1320 3547; x_wconf 88' lang='lat' dir='ltr'><strong>odio</strong></span> <span class='ocrx_word' id='word_1_239' title='bbox 1335 3484 1401 3550; x_wconf 69' lang='lat' dir='ltr'><strong>Cre</strong></span> 
     </span>
     <span class='ocr_line' id='line_1_30' title="bbox 326 3576 1399 3673; baseline 0.008 -25"><span class='ocrx_word' id='word_1_240' title='bbox 326 3604 434 3649; x_wconf 87' lang='lat' dir='ltr'><strong>sarem</strong></span> <span class='ocrx_word' id='word_1_241' title='bbox 456 3579 600 3673; x_wconf 87' lang='lat' dir='ltr'><strong>odisset:</strong></span> <span class='ocrx_word' id='word_1_242' title='bbox 624 3576 690 3647; x_wconf 88' lang='lat' dir='ltr'><strong>tela</strong></span> <span class='ocrx_word' id='word_1_243' title='bbox 711 3578 879 3670; x_wconf 79' lang='lat' dir='ltr'><strong>utrimque</strong></span> <span class='ocrx_word' id='word_1_244' title='bbox 900 3579 1001 3652; x_wconf 89' lang='lat' dir='ltr'><strong>missa</strong></span> <span class='ocrx_word' id='word_1_245' title='bbox 1020 3605 1208 3650; x_wconf 89' lang='lat' dir='ltr'><strong>sermonem</strong></span> <span class='ocrx_word' id='word_1_246' title='bbox 1228 3583 1399 3656; x_wconf 88' lang='lat' dir='ltr'><strong>diremere.</strong></span> 
     </span>
     <span class='ocr_line' id='line_1_31' title="bbox 324 3673 1399 3776; baseline 0.005 -19"><span class='ocrx_word' id='word_1_247' title='bbox 324 3688 498 3758; x_wconf 88' lang='lat' dir='ltr'><strong>Vatinium</strong></span> <span class='ocrx_word' id='word_1_248' title='bbox 516 3687 616 3754; x_wconf 84' lang='lat' dir='ltr'><strong>armis</strong></span> <span class='ocrx_word' id='word_1_249' title='bbox 638 3682 757 3752; x_wconf 91' lang='lat' dir='ltr'><strong>milites</strong></span> <span class='ocrx_word' id='word_1_250' title='bbox 778 3698 1011 3776; x_wconf 78' lang='lat' dir='ltr'><strong>protexerunt3</strong></span> <span class='ocrx_word' id='word_1_251' title='bbox 1036 3673 1133 3755; x_wconf 85' lang='lat' dir='ltr'><strong>multi</strong></span> <span class='ocrx_word' id='word_1_252' title='bbox 1151 3704 1264 3758; x_wconf 86' lang='lat' dir='ltr'><strong>autem</strong></span> <span class='ocrx_word' id='word_1_253' title='bbox 1285 3693 1399 3762; x_wconf 77' lang='lat' dir='ltr'><strong>vulne·</strong></span> 
     </span>
     <span class='ocr_line' id='line_1_32' title="bbox 325 3788 1398 3890; baseline 0.007 -28"><span class='ocrx_word' id='word_1_254' title='bbox 325 3795 405 3882; x_wconf 87' lang='lat' dir='ltr'><strong>rati,</strong></span> <span class='ocrx_word' id='word_1_255' title='bbox 422 3793 618 3880; x_wconf 75' lang='lat' dir='ltr'><strong>nominatim</strong></span> <span class='ocrx_word' id='word_1_256' title='bbox 634 3788 810 3860; x_wconf 84' lang='lat' dir='ltr'><strong>Cornelius¹</strong></span> <span class='ocrx_word' id='word_1_257' title='bbox 824 3790 962 3890; x_wconf 69' lang='lat' dir='ltr'><strong>Balbus,</strong></span> <span class='ocrx_word' id='word_1_258' title='bbox 975 3807 1010 3861; x_wconf 90' lang='lat' dir='ltr'><strong>et</strong></span> <span class='ocrx_word' id='word_1_259' title='bbox 1022 3795 1252 3880; x_wconf 82' lang='lat' dir='ltr'><strong>centuriones,</strong></span> <span class='ocrx_word' id='word_1_260' title='bbox 1263 3798 1398 3870; x_wconf 82' lang='lat' dir='ltr'><strong>milites-</strong></span> 
     </span>
     <span class='ocr_line' id='line_1_33' title="bbox 326 3895 1400 4002; baseline 0.008 -34"><span class='ocrx_word' id='word_1_261' title='bbox 326 3925 391 3996; x_wconf 90' lang='lat' dir='ltr'><strong>que</strong></span> <span class='ocrx_word' id='word_1_262' title='bbox 420 3898 483 3968; x_wconf 91' lang='lat' dir='ltr'><strong>alii.</strong></span> <span class='ocrx_word' id='word_1_263' title='bbox 514 3901 612 3966; x_wconf 90' lang='lat' dir='ltr'><strong>Hunc</strong></span> <span class='ocrx_word' id='word_1_264' title='bbox 641 3895 809 3973; x_wconf 85' lang='lat' dir='ltr'><strong>effectum-</strong></span> <span class='ocrx_word' id='word_1_265' title='bbox 829 3900 918 3967; x_wconf 89' lang='lat' dir='ltr'><strong>inter</strong></span> <span class='ocrx_word' id='word_1_266' title='bbox 941 3901 1163 3994; x_wconf 90' lang='lat' dir='ltr'><strong>Pompeianos</strong></span> <span class='ocrx_word' id='word_1_267' title='bbox 1192 3902 1311 3974; x_wconf 79' lang='lat' dir='ltr'><strong>habuit</strong></span> <span class='ocrx_word' id='word_1_268' title='bbox 1343 3933 1400 4002; x_wconf 89' lang='lat' dir='ltr'><strong>per</strong></span> 
     </span>
     <span class='ocr_line' id='line_1_34' title="bbox 325 4003 1399 4107; baseline 0.007 -31"><span class='ocrx_word' id='word_1_269' title='bbox 325 4010 492 4076; x_wconf 81' lang='lat' dir='ltr'><strong>Caesarem</strong></span> <span class='ocrx_word' id='word_1_270' title='bbox 511 4019 579 4072; x_wconf 89' lang='lat' dir='ltr'><strong>tam</strong></span> <span class='ocrx_word' id='word_1_271' title='bbox 601 4003 771 4073; x_wconf 89' lang='lat' dir='ltr'><strong>humiliter</strong></span> <span class='ocrx_word' id='word_1_272' title='bbox 790 4029 855 4098; x_wconf 83' lang='lat' dir='ltr'><strong>pax</strong></span> <span class='ocrx_word' id='word_1_273' title='bbox 873 4004 991 4075; x_wconf 87' lang='lat' dir='ltr'><strong>delata.</strong></span> <span class='ocrx_word' id='word_1_274' title='bbox 1011 4007 1293 4100; x_wconf 73' lang='lat' dir='ltr'><strong>Labienusyero,</strong></span> <span class='ocrx_word' id='word_1_275' title='bbox 1308 4016 1399 4107; x_wconf 85' lang='lat' dir='ltr'><strong>quasi</strong></span> 
     </span>
     <span class='ocr_line' id='line_1_35' title="bbox 324 4113 1398 4216; baseline 0.006 -32"><span class='ocrx_word' id='word_1_276' title='bbox 324 4114 480 4194; x_wconf 77' lang='lat' dir='ltr'><strong>facinoris</strong></span> <span class='ocrx_word' id='word_1_277' title='bbox 502 4132 640 4216; x_wconf 85' lang='lat' dir='ltr'><strong>compos</strong></span> <span class='ocrx_word' id='word_1_278' title='bbox 662 4113 792 4206; x_wconf 75' lang='lat' dir='ltr'><strong>egregii,</strong></span> <span class='ocrx_word' id='word_1_279' title='bbox 804 4137 823 4210; x_wconf 71' lang='grc' dir='ltr'><strong>τι</strong></span> <span class='ocrx_word' id='word_1_280' title='bbox 834 4114 1003 4199; x_wconf 73' lang='lat' dir='ltr'><strong>Dest‘rute,</strong></span> <span class='ocrx_word' id='word_1_281' title='bbox 1029 4114 1237 4208; x_wconf 83' lang='lat' dir='ltr'><strong>inquit,me</strong></span> <span class='ocrx_word' id='word_1_282' title='bbox 1252 4118 1298 4190; x_wconf 81' lang='lat' dir='ltr'><strong>de</strong></span> <span class='ocrx_word' id='word_1_283' title='bbox 1306 4143 1398 4216; x_wconf 77' lang='lat' dir='ltr'><strong>pace</strong></span> 
     </span>
    </p>
   </div>
   <div class='ocr_carea' id='block_1_3' title="bbox 0 0 1510 5025">
    <p class='ocr_par' dir='ltr' id='par_1_3' title="bbox 0 0 1510 5025">
     <span class='ocr_line' id='line_1_36' title="bbox 0 0 1510 5025; baseline 0 0"><span class='ocrx_word' id='word_1_284' title='bbox 0 0 1510 5025; x_wconf 95' lang='lat' dir='ltr'><strong> </strong></span> 
     </span>
    </p>
   </div>
  </div>
 </body>
</html>
