3000 5025
253 468 557 573 εατεεειιεε
584 503 817 573 οεπσυε.
845 504 941 573 ιτα
969 504 1036 574 1v.
1092 497 1169 586 ατε

113 634 178 728 Περὶ
197 645 289 717 τούτο
317 627 353 703 δὲ
377 634 503 703 πάντων
529 645 592 705 τῶν
619 622 768 730 Ῥωμαίων
793 637 1047 730 ἀσχολουμένων,
1060 638 1090 705 οἱ
1107 650 1170 708 τῶν

113 736 260 837 όαρύάρων
280 744 309 808 ἐν
328 748 393 819 τοῖς
411 743 516 837 α’γροῐς
530 743 780 835 ὑπολειφθέντες,
795 746 825 810 ἐν
841 747 946 830 τούτῳ
959 744 1107 820 ἀπῆλθον·
1120 745 1171 812 ἐπὶ

111 848 215 927 πολλόις
231 840 266 916 δέ
281 847 362 941 μετὰ
376 860 479 917 ταῦτα
494 844 659 945 ἐπομῶρίαι
673 850 893 943 συνενεχθεῖσαι
905 852 1038 943 η’μέρας,
1049 855 1121 930 τούς
1136 878 1171 919 τε

110 939 255 1046 Ῥωμαίους
269 960 300 1023 ἐν
319 962 365 1042 τῷ
386 961 592 1051 χαρακώματι
609 966 692 1049 σφῶν
713 959 882 1049 κατάσχοι,
894 957 947 1024 καὶ
964 958 1035 1035 τοὺς
1050 953 1172 1051 ὀαρῶά-

110 1088 170 1156 ρους
191 1072 246 1132 τοῦ
273 1064 425 1155 μάχεσθαι
448 1066 658 1133 ἀπεκώλυσεν·
679 1066 708 1130 ἐν
728 1068 832 1152 τούτῳ
855 1056 892 1131 δὲ
911 1074 957 1151 τῷ
975 1065 1076 1157 χρόνῳ
1097 1067 1173 1158 πρὸς

108 1168 218 1249 πάντας
231 1172 303 1248 τοὺς
317 1174 367 1262 ὑφ’
380 1172 506 1249 ἐαυτοὶις
520 1172 549 1239 οἱ
559 1165 708 1265 ύάρύαροι
723 1164 971 1264 διαπέμπονται,
980 1170 1032 1237 καὶ
1043 1174 1100 1244 τὴν
1110 1180 1172 1237 τῶν

108 1258 248 1369 Ρωμαίων
275 1280 446 1371 ὀλιγότητα
471 1282 574 1358 αὐτοῖς
604 1282 830 1374 προλέγοντες,
852 1279 905 1345 καὶ
924 1277 958 1343 ὀν
988 1279 1092 1368 καιρὸν
1116 1288 1174 1344 τοῦ

108 1383 233 1477 μεγάλην
250 1382 336 1450 λείαν
358 1385 526 1466 ποιεῖσθαι,
541 1386 593 1453 καὶ
610 1390 688 1477 σφᾶς
719 1387 831 1463 αὐτοὺς
855 1385 896 1463 εἰς
918 1386 973 1451 τὸν
997 1384 1044 1450 ἀεὶ
1066 1385 1175 1451 ἔπειτα

107 1493 225 1581 χρόνον,
238 1490 265 1557 εἰ
280 1491 350 1568 τοὺς
364 1477 524 1585 Ῥωμαίους
539 1495 574 1559 ἐκ
588 1502 644 1559 τοῦ
663 1484 861 1585 ςρατοπίδου
878 1492 1081 1574 άπελάσειαν,
1095 1494 1176 1557 ἐλευ-

107 1594 228 1690 θερῶσαι
258 1599 373 1689 ἔχοιεν,
395 1590 635 1676 ἐπιδεικνύοντες
654 1600 806 1691 πάμπολυ
829 1598 913 1676 εὐθὺς
938 1598 1054 1676 πλῆθος
1075 1591 1173 1675 πεζῶν

107 1708 176 1794 ἐμοῦ
190 1703 241 1771 καὶ
260 1704 376 1771 ἱππέων
397 1705 612 1795 συνήθροισεν,
630 1705 681 1773 καὶ
701 1706 777 1800 πρὸς
791 1706 829 1773 τὸ
844 1714 907 1773 τῶν
926 1690 1077 1796 Ῥωμαίων
1095 1731 1174 1797 ςρα-

105 1803 230 1879 τόπεδον
245 1814 401 1903 ὥρμησαν.

153 1919 298 1986 XXXV.
318 1903 347 1984 Ο
366 1912 402 1987 δὲ
417 1921 559 2007 Καῖσαρ,
575 1916 683 2013 καίπερ
703 1923 738 1986 ἐκ
757 1926 818 1985 τῶν
837 1918 967 2010 πρόσθεν
989 1912 1174 2009 συμύάντων

106 2018 321 2117 ἀποφεύξεσθαι
341 2027 413 2102 τοὺς
431 2025 594 2119 πολεμίους
614 2037 655 2119 τῇ
669 2034 753 2116 σφῶν
775 2027 952 2116 παχύτητι,
966 2023 991 2091 εἰ
1012 2028 1175 2110 ἡττῷντο,

104 2140 256 2225 προορῶν,
271 2133 440 2225 τριάκοντα
454 2136 535 2225 όμως
551 2134 662 2210 ἱππίας
678 2144 725 2220 τῷ
740 2122 901 2225 Ᾱτρίῶατι
918 2130 1046 2225 Κομίῳ,
1059 2130 1128 2224 περὶ
1140 2129 1175 2197 οὗ

103 2230 158 2312 ήδη
176 2237 297 2331 ἐρρέθη,
314 2230 581 2318 συνδιαύήσαντας
603 2241 716 2332 εὑρὼν,
738 2241 792 2306 σὺν
816 2240 941 2315 τούτοις
961 2235 1003 2305 τὰ
1024 2236 1189 2333 τάγματα

101 2344 268 2440 ἔμπροσθεν
288 2356 345 2411 τοῦ
365 2336 562 2437 ςρατοπίδου
581 2346 622 2423 εἰς
647 2345 749 2438 μάχην
772 2338 983 2437 παρετάξατο·
1002 2346 1177 2436 συμπεσόν-

104 2474 161 2519 των
180 2443 212 2518 δ’
227 2452 372 2531 ἀλλήλοις
391 2460 453 2520 τῶν
473 2452 718 2546 ςρατευμοίτων,
733 2453 762 2520 οἱ
778 2452 831 2544 μὶν
846 2449 1016 2544 Βρηταννοὶ
1036 2454 1093 2527 τὴν
1112 2458 1175 2519 τῶν

102 2543 247 2653 Ῥωμαίων
264 2559 349 2650 ἰσχὺν
368 2562 526 2650 ὑπομένειν
540 2559 597 2626 Ιἐπὶ
613 2561 692 2625 πολὺ
709 2551 966 2651 μηδυνηθέντες,
981 2557 1171 2650 ἐτράπησαν.

102 2667 236 2745 Τούτους
257 2657 289 2732 δι
307 2665 335 2732 οἱ
355 2651 510 2758 Ρωμαῖοι,
523 2668 572 2756 ἐφ’
595 2669 664 2734 ὀσον
689 2665 810 2759 ἐγένετο
829 2663 914 2754 σφίσι
938 2655 1086 2754 δύναμις,
1100 2657 1175 2730 διῶ-

102 2766 223 2857 ξαντες,
242 2775 279 2840 τό
297 2779 423 2850 πλεῒςον
449 2776 551 2853 αὐτῶν
571 2763 762 2864 διέφθειραν,
781 2769 835 2838 καὶ
851 2766 955 2836 πολλὰ
975 2767 1057 2862 μετὰ
1074 2780 1177 2836 τοῶτα

103 2871 340 2972 οἰκοδομήματα
348 2879 680 2964 κατακαύσαντες,ἐπὶ
691 2878 729 2944 τὸ
740 2866 938 2970 ςρατόπεδον
948 2875 1176 2969 ἀνετράπησαν.

152 2987 316 3058 xxxvl.
328 2988 436 3081 Ταύτῃ
448 2987 501 3078 μὲν
510 2986 610 3078 ἡμέρᾳ
625 2979 766 3077 πρέσύεις
782 2983 811 3050 οἱ
824 2984 965 3075 πολέμιοι
975 2983 1045 3076 περὶ
1059 2981 1177 3077 εἰρήνης

103 3092 186 3188 παρὰ
203 3093 259 3162 τόν
277 3091 422 3184 Καίσαρα
439 3089 596 3185 ἔπεμψαν.
614 3083 776 3169 Αύτόςδέ
793 3092 917 3167 τούτοις
939 3091 994 3157 τὸν
1015 3100 1079 3159 τῶν
1103 3092 1179 3183 όμή

104 3223 181 3294 ρων,
197 3197 237 3267 ῶν
251 3196 380 3292 πρόσθεν
397 3203 500 3278 αὐτοῖς
514 3202 694 3294 ἐπήγγειλε,
708 3199 782 3266 τότε
795 3188 967 3279 ἐδίπλωσε,
982 3196 1034 3277 καὶ
1046 3199 1178 3274 τούτους

103 3309 176 3402 πρὸς
205 3308 314 3374 ἑαυτθν
334 3309 445 3384 ἐςτήν
471 3307 595 3399 ἤπειρον
619 3299 745 3400 ἄγεσθαι
769 3296 951 3398 προσέταξε·
976 3312 1018 3396 τῇ
1045 3303 1100 3396 μὲν
1118 3300 1177 3397 γόιρ

102 3413 232 3489 πλησίον
257 3423 314 3481 τοῦ
330 3412 483 3507 κυνάςρου
501 3414 622 3506 ιήμέρα,
637 3410 695 3491 τὰς
716 3417 829 3479 ἑαυτοῦ
856 3419 929 3487 ναῦς
953 3400 1008 3476 διὰ
1028 3417 1178 3502 χειμῶνος

21 3605 27 3612 1
103 3528 188 3588 πλεῖν
205 3524 263 3588 ,ούκ
285 3514 445 3604 ήόούλετοι
468 3517 549 3586 ἀλλὰ
574 3522 675 3613 ταύτῃ
702 3545 743 3593 τη
765 3521 867 3612 ἡμέρα
888 3516 1030 3594 εὐπλοίας
1050 3518 1178 3608 τυχῶν,

104 3627 204 3722 ὀλίγον
227 3625 309 3720 μετὰ
332 3628 425 3718 μέσας
443 3628 557 3704 νύκτας
579 3624 718 3717 ἀνήχθη,
734 3627 787 3692 καὶ
802 3631 900 3692 πᾶσαι
922 3624 953 3690 αἱ
970 3626 1066 3690 αὐτοῦ
1087 3632 1178 3706 νῆες,

103 3737 183 3808 πλήν
202 3725 259 3802 δύο
279 3740 449 3826 φορτικῶν,
469 3741 546 3799 σῶαι
564 3732 605 3810 εἰς
629 3733 685 3805 τὴν
707 3733 832 3825 ἤπειρον
850 3730 1065 3824 παρεγίνοντο·
1087 3728 1179 3796 αὐταὶ

106 3832 134 3906 δ’
148 3839 189 3919 εἰς
208 3841 262 3908 τὸν
278 3841 370 3906 αὐτὸν
391 3846 459 3916 ταῖς
478 3845 601 3918 λοιπαῖς
618 3840 730 3931 λιμένα
744 3832 919 3930 ὁρμίζεσθαι
937 3839 979 3928 μή
997 3836 1178 3927 ἰσχύσασαι,

105 3946 205 4041 ὀλίγον
223 3948 390 4039 κατωτέρω
404 3939 587 4019 ἐύλήθησαν.

157 4055 340 4122 XXXVII.
357 4051 421 4118 Καὶ
435 4045 467 4129 ἐξ
482 4055 583 4118 αὐτῶν
598 4058 637 4129 ὡς
652 4051 834 4144 τριακοσίων
851 4059 1033 4142 ςρατιωτῶν
1048 4048 1181 4116 ἐκτεθέν-

107 4186 188 4244 των,
202 4159 254 4228 καὶ
275 4159 325 4226 ἐπὶ
346 4161 383 4226 τό
403 4149 600 4250 ςρατόπεδον
617 4161 847 4253 πορευομένων,
862 4157 891 4223 οἱ
903 4158 1050 4248 Μορῖνοε,
1067 4152 1118 4232 οὓς
1139 4155 1179 4233 εἰς
