3000 5025
273 493 587 563 INTERPRES
615 491 852 562 GRAECUS.
881 493 975 561 LIB.
1004 494 1046 562 V.
1110 493 1186 580 433

121 649 171 692 τον
192 616 305 693 είσοθοι
328 626 528 718 ἐρράττοντο.
549 626 590 692 Οἱ
613 617 648 692 δὲ
674 626 816 716 πολέμιοι
844 628 880 692 ἐκ
905 635 960 704 τῆς
987 630 1060 705 ὕλης
1089 629 1187 724 ὀλίγοι

120 728 389 822 ἀπεμάχοντο,ιοαὶ
400 743 455 800 τοῦ
463 730 519 810 τὰς
527 735 688 824 ὀχυρώσεις
699 726 941 824 ὑπερόαίλλεσθαι
950 719 1188 827 τοθςθωμαίους

119 837 303 904 ἀπεκώλυον.
325 839 365 904 Οἱ
380 848 435 906 τοῦ
454 831 588 930 ἑύθόμου
613 830 643 904 θ’
662 841 745 928 ὅμως
767 837 928 931 τάγματος
952 850 1125 932 ςρατιῶται
1147 843 1198 921 εἰς·

117 947 248 1034 χελώνης
271 955 377 1035 σχῆμα
402 950 573 1028 ςησαντες,
599 943 650 1010 καὶ
678 953 733 1037 γῆν
761 946 837 1035 πρὸς
863 944 920 1022 τὰς
946 953 1008 1012 τῶν
1034 947 1187 1040 πολεμίων

118 1053 276 1143 ὀχυρώσεις
294 1055 467 1142 χώσαντες,
479 1053 534 1119 τὸν
547 1051 642 1119 τόπον
658 1045 849 1134 κατελαύον,
863 1051 914 1118 καὶ
929 1053 964 1118 ἐκ
980 1061 1037 1118 τοῦ
1052 1053 1188 1138 νάπους,

117 1155 203 1251 ὀλίγα
216 1151 364 1235 λαθόντες
378 1161 562 1250 τραύματα,
576 1159 647 1234 τοὺς
668 1155 832 1248 πολεμίους
851 1158 1025 1232 ἀπηλασαν.
1046 1145 1187 1241 Εκείνους

116 1253 149 1326 θὲ
163 1265 333 1355 φεύγοντας
346 1267 528 1357 πορρωτέρω
543 1255 662 1330 διώκειν
677 1269 694 1330 ὁ
709 1266 829 1355 Καῖσαρ
847 1264 1071 1358 ἀπηγόρευσεν,
1085 1269 1135 1332 ότι
1152 1293 1187 1336 τε

113 1371 168 1442 τὴν
190 1379 247 1436 τοῦ
273 1369 384 1461 χωρίου
405 1374 491 1460 φύσιν
511 1371 633 1464 ἠγνόει,
647 1368 698 1436 καὶ
721 1373 770 1436 ότι
790 1373 828 1438 τὸ
846 1376 971 1447 πλεῒςον
999 1381 1055 1450 τῆς
1072 1374 1187 1467 ἡμέρας

15 1545 16 1560 ,
114 1465 176 1548 ἤθη
197 1476 379 1559 ἀναλώσας,
397 1477 504 1571 χρόνον
536 1478 611 1569 πρὸς
640 1480 697 1551 τὴν
726 1485 784 1544 τοῦ
811 1469 1007 1568 ςρατοπίθου
1037 1480 1186 1570 ὀχύρωσιν

15 1663 16 1668 ¹
111 1581 267 1648 λείπεσθαι
279 1577 440 1656 ἠώούλετοζ

15 1677 16 1680 ¹
164 1691 208 1756 X.
229 1691 277 1782 Τῇ
302 1681 333 1755 θ’
353 1690 498 1781 ῦςεραίᾳ,
525 1689 590 1781 ἀμα
618 1699 658 1782 τῇ
683 1690 783 1782 ἡμέρᾳ
811 1699 902 1782 τριχῇ
928 1691 984 1775 τό,
1001 1717 1037 1758 τε
1066 1685 1204 1770 πεζικὸν

113 1793 257 1886 ἀμα,καὶ
280 1797 316 1862 τὸ
342 1795 463 1864 ἱππικὸν
488 1794 537 1862 ἐπὶ
554 1797 626 1873 τοὺς
647 1794 811 1886 πολεμίους
838 1797 991 1889 φυγόντας
1013 1795 1186 1890 ἐπέμψατο.

112 1903 240 1968 Τούτων
262 1893 297 1969 δὲ
317 1893 389 1970 όθόν
408 1929 478 1969 τινα
503 1901 731 1994 προελθόντων,
747 1901 798 1968 καὶ
822 1910 884 1967 τῶν
906 1892 1045 1994 ἐσχάτων
1070 1910 1110 1982 ὡς
1132 1910 1187 1972 οὐκ

110 1999 169 2082 ἤθη
200 2008 479 2100 ὀρωμένων,παρὰ
505 2018 561 2076 τοῦ
588 1998 704 2102 Ᾰτρίου
732 2007 832 2084 ἱππεῖς
859 2011 935 2100 πρὸς
961 2011 1014 2076 τὸν
1041 2009 1186 2102 Καίσαρα

111 2114 266 2196 ἐλθόντες,
289 2115 476 2208 ἀπόγγειλαν
508 2119 609 2201 αὐτῷ,
627 2106 844 2206 πλημμυρίδος
870 2116 1103 2209 ἐπιγενομένης,
1118 2118 1185 2184 πά-

15 2305 17 2312 ,
111 2245 164 2298 σας
187 2212 299 2311 σχεθθν
324 2217 385 2298 τὰς
403 2231 474 2300 ναῦς
495 2220 701 2304 κεκακῶσθαι,
720 2220 772 2288 καὶ
800 2221 919 2299 εἰςτὴν
938 2223 1026 2296 ἠϊόνα
1048 2225 1108 2290 ὑπὸ
1129 2235 1185 2292 τοῦ

110 2328 248 2420 κύματος
271 2321 435 2413 ύληθῆναι,
456 2329 526 2395 ούτε
543 2325 601 2416 τθις
622 2327 777 2418 σχοινίας,
790 2329 860 2394 ούτε
879 2326 937 2422 τὰς
958 2329 1093 2422 ἀγκύρας
1111 2336 1186 2398 ὑπο-

109 2441 227 2523 μενεῖν,
247 2435 414 2514 ούτε.,το“υς
443 2429 630 2527 κυύερνότας
651 2437 707 2508 τήν
736 2442 792 2500 τοῦ
814 2436 953 2525 κύματος
982 2438 1078 2528 ὁρμὴν
1103 2437 1183 2529 ’ἔχειν

91 2531 284 2615 ’θυνηθῆνοιτ
308 2545 369 2618 ώςε
391 2541 527 2636 μεγάλην
550 2544 584 2607 ἐκ
602 2542 721 2607 τούτων
740 2534 858 2613 θλάύην
881 2542 1101 2631 συνενεχθῆναι.

84 2712 86 2717 ,
160 2624 275 2715 XM)
296 2649 383 2741 γνούς
411 2650 433 2713 ό
455 2650 592 2740 Καῖσαρ,
618 2645 660 2714 τοί
681 2653 719 2712 τε
736 2646 903 2739 τάγματα,
923 2646 976 2711 καὶ
996 2648 1034 2713 τὸ
1059 2649 1181 2717 ἱππικὸν

107 2753 311 2837 ἀπεκαλεσιν,
323 2756 379 2823 καί
396 2757 512 2827 ταύτην
536 2746 701 2818 θιαλείπειν
722 2753 779 2823 τὴν
799 2752 945 2844 ςρατείαν
968 2758 1180 2848 παρείμγειλεν·

108 2863 200 2938 αὐτὸς
216 2850 258 2927 θὲ·
270 2859 319 2927 ἐπὶ
339 2860 396 2939 τὰς
413 2870 484 2937 ναῦς
500 2860 693 2952 παρεγένετο·
715 2857 767 2923 καὶ
785 2855 889 2923 ταύτὰ
906 2849 1037 2948 σχεθθν,
1060 2860 1102 2926 τὰ
1120 2864 1179 2929 ὑπὸ

105 2976 167 3033 τῶν
178 2966 330 3060 ,ἀγγελων
355 2966 607 3061 ἀπαγγελθέντα,
626 2967 737 3056 χώραν·
755 2965 846 3041 αὐτὸς
865 2964 996 3030 ἐνταῦθα
1020 2956 1180 3051 κατεῖθεν,

104 3082 177 3140 νεῶν
204 3072 257 3165 μὲν
272 3078 329 3151 ώς.
340 3073 591 3163 τεσσαράκοντα,
606 3071 843 3161 ἀπολλυμένων,
860 3066 918 3147 τὰς
937 3069 1048 3149 λοιπὰς
1068 3063 1179 3164 θυσχε·

106 3190 163 3273 ρῶς
186 3175 503 3254 ἑπισκευασθησεσθαι.
527 3164 574 3245 Ex
601 3177 654 3268 μὲν
676 3172 725 3243 οὖν
752 3186 813 3243 τῶν
833 3175 1009 3268 ’ταγμάτων
1032 3178 1178 3257 τέκτονας

104 3280 357 3368 ἐξελίξατο;’καὶ
384 3282 494 3363 ἀλλους
524 3284 585 3351 ἀπὸ
612 3293 669 3361 τῆς
697 3282 822 3375 ἠπείρου
845 3282 1044 3374 παρεκάλεσε·
1070 3297 1115 3371 τῷ
1140 3311 1176 3352 τε

104 3386 269 3477 ιλαόιηνῷ,
282 3395 331 3459 ότι
349 3384 479 3465 θύνηται
493 3399 567 3469 ναῦς
579 3390 708 3467 πλείςσις
726 3386 768 3467 οἷς
780 3385 841 3480 εἶχε
854 3390 1007 3483 τάγμασιν
1022 3392 1175 3466 ἐπέςειλεν

103 3501 312 3593 ἐπαγγελλειν.
334 3490 507 3580 Αὐτὸςθὲ,
523 3496 629 3589 καίπερ
644 3502 762 3564 πολλοῦ
772 3508 828 3584 τῷ
849 3498 927 3590 ἔργῳ
948 3498 1051 3582 τούτῳ
1069 3520 1175 3585 ραινο·

104 3607 195 3697 μένου
220 3606 332 3687 πόνου,
351 3609 443 3695 ὅμως
455 3606 691 3698 χρησιμώτατον
713 3608 813 3691 ἑαυτῷ
830 3606 970 3696 ἡγήσατο
989 3602 1129 3687 ἔσεσθαι,
1150 3604 1175 3670 εἰ

102 3713 205 3789 πάσας
221 3710 278 3788 τὰς
295 3720 367 3789 ναῦς
386 3710 427 3788 εἰς
451 3712 508 3784 την
525 3720 581 3804 γῆν
604 3700 729 3775 θύναιτο
748 3710 877 3786 ἑλκύσας
897 3706 940 3773 ἑνὶ
955 3703 1109 3799 περιόόλῳ
1129 3722 1176 3799 τῷ

103 3809 292 3910 ςρατοπίθῳ
314 3816 489 3885 συνάπτειν.
513 3802 558 3891 ,Εν
584 3818 687 3901 τούτῳ
715 3815 769 3906 μὲν
795 3826 841 3901 τῷ
865 3816 943 3908 ἔργῳ
964 3816 1077 3906 ἡμέρας
1101 3808 1178 3882 δέκα

104 3920 305 4003 ἐξανάλωσιν·
325 3927 354 3990 ὲν
381 3919 431 4001 αἷς
450 3914 516 3990 οὐθ’
532 3923 627 3999 αὐτὰς
652 3922 825 3987 ἐπαύσαντο
846 3922 1026 4012 πονούμενοι
1050 3931 1107 4000 τας
1126 3925 1176 3988 νύ·

103 4056 178 4109 κτας
192 4031 220 4097 οἱ
233 4037 417 4123 ςρατιώται.
434 4016 643 4096 θλκυσθεισῶν
659 4018 694 4094 θὲ
709 4034 770 4093 τῶν
781 4033 873 4109 νεῶν,
884 4027 936 4093 καὶ
952 4036 1006 4093 τοῦ
1020 4032 1178 4121 ςρατοπέ·

104 4127 158 4205 θου
193 4136 399 4231 ὀχυρωθέντος
429 4136 592 4227 ἀσφαλῶς,
615 4144 655 4227 τῇ
681 4138 802 4227 φυλακῇ
830 4134 883 4221 μὲν
909 4142 970 4201 τών
997 4141 1069 4228 νεῶν
1103 4137 1174 4213 τοὺς

154 4246 225 4314 III.
536 4294 539 4313 ,
663 4262 669 4274 “
848 4323 850 4331 y
948 4242 995 4309 28
