<?xml version="1.0" encoding="UTF-8"?>
<!DOCTYPE html PUBLIC "-//W3C//DTD XHTML 1.0 Transitional//EN"
    "http://www.w3.org/TR/xhtml1/DTD/xhtml1-transitional.dtd">
<html xmlns="http://www.w3.org/1999/xhtml" xml:lang="en" lang="en">
 <head>
  <title>
</title>
<meta http-equiv="Content-Type" content="text/html;charset=utf-8" />
  <meta name='ocr-system' content='tesseract 3.04.00' />
  <meta name='ocr-capabilities' content='ocr_page ocr_carea ocr_par ocr_line ocrx_word'/>
</head>
<body>
  <div class='ocr_page' id='page_1' title='image "./caiusjuliuscsar00unkngoog_0228.png"; bbox 0 0 3000 5025; ppageno 0'>
   <div class='ocr_carea' id='block_1_1' title="bbox 311 444 1182 562">
    <p class='ocr_par' dir='ltr' id='par_1_1' title="bbox 311 444 1182 562">
     <span class='ocr_line' id='line_1_1' title="bbox 311 444 1182 562; baseline 0.011 -50"><span class='ocrx_word' id='word_1_1' title='bbox 311 446 380 515; x_wconf 90' lang='lat' dir='ltr'>DE</span> <span class='ocrx_word' id='word_1_2' title='bbox 407 444 537 513; x_wconf 84' lang='lat' dir='ltr'>VITA</span> <span class='ocrx_word' id='word_1_3' title='bbox 563 445 711 515; x_wconf 89' lang='lat' dir='ltr'>JULII</span> <span class='ocrx_word' id='word_1_4' title='bbox 740 445 988 524; x_wconf 74' lang='lat' dir='ltr'>CAESARIS.</span> <span class='ocrx_word' id='word_1_5' title='bbox 1109 474 1182 562; x_wconf 80' lang='lat'>199</span> 
     </span>
    </p>
   </div>
   <div class='ocr_carea' id='block_1_2' title="bbox 37 577 1203 4206">
    <p class='ocr_par' dir='ltr' id='par_1_2' title="bbox 117 577 1185 1108">
     <span class='ocr_line' id='line_1_2' title="bbox 121 577 1182 673; baseline 0.007 -25"><span class='ocrx_word' id='word_1_6' title='bbox 121 591 253 665; x_wconf 66' lang='lat' dir='ltr'>termut</span> <span class='ocrx_word' id='word_1_7' title='bbox 275 577 365 655; x_wconf 73' lang='lat' dir='ltr'>rimi</span> <span class='ocrx_word' id='word_1_8' title='bbox 389 580 552 671; x_wconf 76' lang='lat' dir='ltr'>sanguim</span> <span class='ocrx_word' id='word_1_9' title='bbox 567 592 793 673; x_wconf 76' lang='lat' dir='ltr'>parceretm3</span> <span class='ocrx_word' id='word_1_10' title='bbox 815 602 861 649; x_wconf 77' lang='lat' dir='ltr'>ex</span> <span class='ocrx_word' id='word_1_11' title='bbox 889 580 1033 651; x_wconf 75' lang='lat' dir='ltr'>adverso</span> <span class='ocrx_word' id='word_1_12' title='bbox 1066 600 1182 655; x_wconf 78' lang='lat' dir='ltr'>mitem</span> 
     </span>
     <span class='ocr_line' id='line_1_3' title="bbox 119 683 1185 788; baseline 0.005 -31"><span class='ocrx_word' id='word_1_13' title='bbox 119 708 208 779; x_wconf 84' lang='lat' dir='ltr'>quam</span> <span class='ocrx_word' id='word_1_14' title='bbox 232 683 394 785; x_wconf 78' lang='lat' dir='ltr'>superbe,</span> <span class='ocrx_word' id='word_1_15' title='bbox 416 706 588 781; x_wconf 80' lang='lat' dir='ltr'>quamque</span> <span class='ocrx_word' id='word_1_16' title='bbox 608 685 709 783; x_wconf 83' lang='lat' dir='ltr'><em>impie</em></span> <span class='ocrx_word' id='word_1_17' title='bbox 732 685 794 754; x_wconf 79' lang='lat' dir='ltr'>nel</span> <span class='ocrx_word' id='word_1_18' title='bbox 813 686 980 781; x_wconf 73' lang='lat' dir='ltr'><em>neglectae</em></span> <span class='ocrx_word' id='word_1_19' title='bbox 994 694 1185 788; x_wconf 75' lang='lat' dir='ltr'>petitiones</span> 
     </span>
     <span class='ocr_line' id='line_1_4' title="bbox 118 792 1183 893; baseline 0.008 -34"><span class='ocrx_word' id='word_1_20' title='bbox 118 814 197 881; x_wconf 81' lang='lat' dir='ltr'>sim,</span> <span class='ocrx_word' id='word_1_21' title='bbox 217 793 277 861; x_wconf 76' lang='lat' dir='ltr'>vel</span> <span class='ocrx_word' id='word_1_22' title='bbox 300 792 442 865; x_wconf 84' lang='lat' dir='ltr'>telorum</span> <span class='ocrx_word' id='word_1_23' title='bbox 470 797 574 862; x_wconf 82' lang='lat' dir='ltr'>etr&#39;am</span> <span class='ocrx_word' id='word_1_24' title='bbox 599 796 804 863; x_wconf 77' lang='lat' dir='ltr'>immissmme</span> <span class='ocrx_word' id='word_1_25' title='bbox 830 794 997 892; x_wconf 65' lang='lat' dir='ltr'>repulsae,</span> <span class='ocrx_word' id='word_1_26' title='bbox 1018 820 1183 893; x_wconf 76' lang='lat' dir='ltr'>magnam</span> 
     </span>
     <span class='ocr_line' id='line_1_5' title="bbox 117 896 1183 998; baseline 0.008 -31"><span class='ocrx_word' id='word_1_27' title='bbox 117 897 271 970; x_wconf 76' lang='lat' dir='ltr'>nobilibus</span> <span class='ocrx_word' id='word_1_28' title='bbox 296 902 420 971; x_wconf 78' lang='lat' dir='ltr'>animis</span> <span class='ocrx_word' id='word_1_29' title='bbox 441 896 648 993; x_wconf 64' lang='lat' dir='ltr'>indignandi</span> <span class='ocrx_word' id='word_1_30' title='bbox 665 902 846 968; x_wconf 81' lang='lat' dir='ltr'><em>materiam</em></span> <span class='ocrx_word' id='word_1_31' title='bbox 860 897 1101 998; x_wconf 65' lang='lat' dir='ltr'>prmbmbsem.</span> <span class='ocrx_word' id='word_1_32' title='bbox 1122 901 1183 975; x_wconf 79' lang='lat' dir='ltr'>His&#39;</span> 
     </span>
     <span class='ocr_line' id='line_1_6' title="bbox 117 1003 1181 1108; baseline 0.006 -35"><span class='ocrx_word' id='word_1_33' title='bbox 117 1003 280 1100; x_wconf 75' lang='lat' dir='ltr'>explicitis,</span> <span class='ocrx_word' id='word_1_34' title='bbox 294 1004 612 1103; x_wconf 76' lang='lat' dir='ltr'>obsecrantibusque</span> <span class='ocrx_word' id='word_1_35' title='bbox 635 1003 810 1096; x_wconf 82' lang='lat' dir='ltr'>militibus,</span> <span class='ocrx_word' id='word_1_36' title='bbox 826 1032 947 1106; x_wconf 80' lang='lat' dir='ltr'>pugnae</span> <span class='ocrx_word' id='word_1_37' title='bbox 969 1011 1101 1108; x_wconf 80' lang='lat' dir='ltr'>signum</span> <span class='ocrx_word' id='word_1_38' title='bbox 1125 1010 1181 1079; x_wconf 91' lang='lat' dir='ltr'>de·</span> 
     </span>
    </p>

    <p class='ocr_par' dir='ltr' id='par_1_3' title="bbox 116 1109 1182 1317">
     <span class='ocr_line' id='line_1_7' title="bbox 117 1109 1182 1238; baseline 0.008 -59"><span class='ocrx_word' id='word_1_39' title='bbox 117 1110 163 1185; x_wconf 82' lang='lat' dir='ltr'>dit</span> <span class='ocrx_word' id='word_1_40' title='bbox 183 1115 265 1185; x_wconf 85' lang='lat' dir='ltr'><strong>Erat</strong></span> <span class='ocrx_word' id='word_1_41' title='bbox 288 1112 401 1185; x_wconf 85' lang='lat' dir='ltr'>forte</span> <span class='ocrx_word' id='word_1_42' title='bbox 393 1137 427 1184; x_wconf 87' lang='grc' dir='ltr'>ιιι</span> <span class='ocrx_word' id='word_1_43' title='bbox 450 1113 598 1181; x_wconf 80' lang='lat' dir='ltr'>exercitu</span> <span class='ocrx_word' id='word_1_44' title='bbox 616 1114 809 1202; x_wconf 80' lang='lat' dir='ltr'>Crastinus,</span> <span class='ocrx_word' id='word_1_45' title='bbox 829 1109 885 1207; x_wconf 93' lang='lat' dir='ltr'>qui</span> <span class='ocrx_word' id='word_1_46' title='bbox 907 1116 1010 1211; x_wconf 81' lang='lat' dir='ltr'>priori</span> <span class='ocrx_word' id='word_1_47' title='bbox 1031 1130 1182 1238; x_wconf 83' lang='lat' dir='ltr'>tempore</span> 
     </span>
     <span class='ocr_line' id='line_1_8' title="bbox 116 1216 1182 1317; baseline 0.009 -32"><span class='ocrx_word' id='word_1_48' title='bbox 116 1216 245 1289; x_wconf 87' lang='lat' dir='ltr'>honesto</span> <span class='ocrx_word' id='word_1_49' title='bbox 264 1218 373 1317; x_wconf 83' lang='lat' dir='ltr'>gradu</span> <span class='ocrx_word' id='word_1_50' title='bbox 395 1216 457 1289; x_wconf 91' lang='lat' dir='ltr'>sub</span> <span class='ocrx_word' id='word_1_51' title='bbox 475 1220 607 1295; x_wconf 76' lang='lat' dir='ltr'>Caesare</span> <span class='ocrx_word' id='word_1_52' title='bbox 627 1218 815 1311; x_wconf 82' lang='lat' dir='ltr'>militasset,</span> <span class='ocrx_word' id='word_1_53' title='bbox 831 1234 912 1290; x_wconf 90' lang='lat' dir='ltr'>tune</span> <span class='ocrx_word' id='word_1_54' title='bbox 930 1246 1011 1290; x_wconf 86' lang='lat' dir='ltr'>vero</span> <span class='ocrx_word' id='word_1_55' title='bbox 1033 1246 1103 1293; x_wconf 89' lang='lat' dir='ltr'>non</span> <span class='ocrx_word' id='word_1_56' title='bbox 1120 1226 1182 1293; x_wconf 89' lang='lat' dir='ltr'>mi·</span> 
     </span>
    </p>

    <p class='ocr_par' dir='ltr' id='par_1_4' title="bbox 115 1321 1182 1425">
     <span class='ocr_line' id='line_1_9' title="bbox 115 1321 1182 1425; baseline 0.009 -34"><span class='ocrx_word' id='word_1_57' title='bbox 115 1321 179 1395; x_wconf 82' lang='lat' dir='ltr'>litiae</span> <span class='ocrx_word' id='word_1_58' title='bbox 197 1340 425 1413; x_wconf 84' lang='lat' dir='ltr'>sacramento,</span> <span class='ocrx_word' id='word_1_59' title='bbox 439 1351 506 1419; x_wconf 91' lang='lat' dir='ltr'>quo</span> <span class='ocrx_word' id='word_1_60' title='bbox 523 1324 651 1401; x_wconf 86' lang='lat' dir='ltr'>solutus</span> <span class='ocrx_word' id='word_1_61' title='bbox 668 1342 758 1415; x_wconf 84' lang='lat' dir='ltr'>erat,</span> <span class='ocrx_word' id='word_1_62' title='bbox 776 1325 857 1397; x_wconf 90' lang='lat' dir='ltr'>sed</span> <span class='ocrx_word' id='word_1_63' title='bbox 845 1353 921 1423; x_wconf 77' lang='lat' dir='ltr'>Jure</span> <span class='ocrx_word' id='word_1_64' title='bbox 938 1326 1084 1425; x_wconf 88' lang='lat' dir='ltr'>quodam</span> <span class='ocrx_word' id='word_1_65' title='bbox 1100 1326 1182 1399; x_wconf 86' lang='lat' dir='ltr'>ami·</span> 
     </span>
    </p>

    <p class='ocr_par' dir='ltr' id='par_1_5' title="bbox 37 1429 1203 2490">
     <span class='ocr_line' id='line_1_10' title="bbox 114 1429 1182 1521; baseline 0.006 -20"><span class='ocrx_word' id='word_1_66' title='bbox 114 1432 186 1503; x_wconf 83' lang='lat' dir='ltr'>eitiae</span> <span class='ocrx_word' id='word_1_67' title='bbox 200 1448 361 1505; x_wconf 83' lang='lat' dir='ltr'>evocatus</span> <span class='ocrx_word' id='word_1_68' title='bbox 376 1432 575 1521; x_wconf 84' lang='lat' dir='ltr'>aderat,v1r</span> <span class='ocrx_word' id='word_1_69' title='bbox 591 1429 709 1505; x_wconf 88' lang='lat' dir='ltr'>bellica</span> <span class='ocrx_word' id='word_1_70' title='bbox 726 1434 849 1503; x_wconf 88' lang='lat' dir='ltr'>virtute</span> <span class='ocrx_word' id='word_1_71' title='bbox 867 1432 1110 1505; x_wconf 87' lang='lat' dir='ltr'>memorabilis:</span> <span class='ocrx_word' id='word_1_72' title='bbox 1126 1436 1182 1507; x_wconf 91' lang='lat' dir='ltr'>hic</span> 
     </span>
     <span class='ocr_line' id='line_1_11' title="bbox 41 1537 1183 1637; baseline 0.003 -29"><span class='ocrx_word' id='word_1_73' title='bbox 41 1582 42 1587; x_wconf 20' lang='grc' dir='ltr'><strong>κ</strong></span> <span class='ocrx_word' id='word_1_74' title='bbox 114 1540 240 1612; x_wconf 70' lang='lat' dir='ltr'>Cereris</span> <span class='ocrx_word' id='word_1_75' title='bbox 256 1541 421 1612; x_wconf 84' lang='lat' dir='ltr'>concione</span> <span class='ocrx_word' id='word_1_76' title='bbox 440 1538 624 1632; x_wconf 81' lang='lat' dir='ltr'>intellecta,</span> <span class='ocrx_word' id='word_1_77' title='bbox 642 1555 677 1611; x_wconf 92' lang='lat' dir='ltr'>et</span> <span class='ocrx_word' id='word_1_78' title='bbox 689 1540 786 1637; x_wconf 79' lang='lat' dir='ltr'>signo</span> <span class='ocrx_word' id='word_1_79' title='bbox 803 1537 908 1637; x_wconf 84' lang='lat' dir='ltr'>praelii</span> <span class='ocrx_word' id='word_1_80' title='bbox 927 1541 1062 1631; x_wconf 83' lang='lat' dir='ltr'>audito,</span> <span class='ocrx_word' id='word_1_81' title='bbox 1080 1539 1183 1613; x_wconf 85' lang='lat' dir='ltr'>alacri</span> 
     </span>
     <span class='ocr_line' id='line_1_12' title="bbox 114 1644 1182 1745; baseline 0.004 -32"><span class='ocrx_word' id='word_1_82' title='bbox 114 1644 197 1717; x_wconf 89' lang='lat' dir='ltr'>vultu</span> <span class='ocrx_word' id='word_1_83' title='bbox 214 1670 255 1723; x_wconf 74' lang='lat' dir='ltr'>ac</span> <span class='ocrx_word' id='word_1_84' title='bbox 281 1671 387 1731; x_wconf 82' lang='lat' dir='ltr'>voce:</span> <span class='ocrx_word' id='word_1_85' title='bbox 407 1651 589 1741; x_wconf 81' lang='lat' dir='ltr'>sequimini</span> <span class='ocrx_word' id='word_1_86' title='bbox 605 1671 677 1735; x_wconf 86' lang='lat' dir='ltr'>me,</span> <span class='ocrx_word' id='word_1_87' title='bbox 698 1646 824 1741; x_wconf 90' lang='lat' dir='ltr'>inquit,</span> <span class='ocrx_word' id='word_1_88' title='bbox 844 1646 1082 1745; x_wconf 65' lang='lat' dir='ltr'>¹mam&#39;pulares</span> <span class='ocrx_word' id='word_1_89' title='bbox 1101 1650 1182 1717; x_wconf 74' lang='lat' dir='ltr'>cline</span> 
     </span>
     <span class='ocr_line' id='line_1_13' title="bbox 113 1752 1185 1855; baseline 0.002 -31"><span class='ocrx_word' id='word_1_90' title='bbox 113 1758 182 1841; x_wconf 87' lang='lat' dir='ltr'>mei,</span> <span class='ocrx_word' id='word_1_91' title='bbox 198 1769 233 1822; x_wconf 83' lang='lat' dir='ltr'>et</span> <span class='ocrx_word' id='word_1_92' title='bbox 245 1757 450 1851; x_wconf 60' lang='lat' dir='ltr'>temeratori</span> <span class='ocrx_word' id='word_1_93' title='bbox 460 1769 575 1834; x_wconf 78' lang='lat' dir='ltr'>vestro</span> <span class='ocrx_word' id='word_1_94' title='bbox 590 1777 697 1855; x_wconf 86' lang='lat' dir='ltr'>quam</span> <span class='ocrx_word' id='word_1_95' title='bbox 709 1752 840 1824; x_wconf 84' lang='lat' dir='ltr'>debetis</span> <span class='ocrx_word' id='word_1_96' title='bbox 853 1779 995 1851; x_wconf 84' lang='lat' dir='ltr'>opernm</span> <span class='ocrx_word' id='word_1_97' title='bbox 1009 1754 1185 1826; x_wconf 77' lang='lat' dir='ltr'>exbibete:</span> 
     </span>
     <span class='ocr_line' id='line_1_14' title="bbox 112 1853 1203 1961; baseline 0.007 -34"><span class='ocrx_word' id='word_1_98' title='bbox 112 1860 254 1931; x_wconf 72' lang='lat' dir='ltr'>illirium</span> <span class='ocrx_word' id='word_1_99' title='bbox 271 1861 507 1959; x_wconf 79' lang='lat' dir='ltr'>lmeprmlium</span> <span class='ocrx_word' id='word_1_100' title='bbox 526 1876 601 1933; x_wconf 87' lang='lat' dir='ltr'>est:</span> <span class='ocrx_word' id='word_1_101' title='bbox 614 1885 683 1959; x_wconf 82' lang='lat' dir='ltr'>quo</span> <span class='ocrx_word' id='word_1_102' title='bbox 694 1876 862 1961; x_wconf 81' lang='lat' dir='ltr'>peracto,</span> <span class='ocrx_word' id='word_1_103' title='bbox 880 1862 938 1931; x_wconf 88' lang='lat' dir='ltr'>ille</span> <span class='ocrx_word' id='word_1_104' title='bbox 952 1886 1053 1951; x_wconf 78' lang='lat' dir='ltr'>suam</span> <span class='ocrx_word' id='word_1_105' title='bbox 1072 1853 1203 1957; x_wconf 57' lang='lat' dir='ltr'>digni?</span> 
     </span>
     <span class='ocr_line' id='line_1_15' title="bbox 112 1964 1194 2063; baseline 0.006 -30"><span class='ocrx_word' id='word_1_106' title='bbox 112 1980 226 2057; x_wconf 82' lang='lat' dir='ltr'>tatem,</span> <span class='ocrx_word' id='word_1_107' title='bbox 246 1993 312 2041; x_wconf 76' lang='lat' dir='ltr'>mos</span> <span class='ocrx_word' id='word_1_108' title='bbox 339 1983 495 2039; x_wconf 84' lang='lat' dir='ltr'>nostram</span> <span class='ocrx_word' id='word_1_109' title='bbox 521 1966 799 2063; x_wconf 81' lang='lat' dir='ltr'>recuperabimus</span> <span class='ocrx_word' id='word_1_110' title='bbox 825 1964 1026 2038; x_wconf 81' lang='lat' dir='ltr'>libertatem.</span> <span class='ocrx_word' id='word_1_111' title='bbox 1049 1969 1194 2039; x_wconf 82' lang='lat' dir='ltr'>Dehinc</span> 
     </span>
     <span class='ocr_line' id='line_1_16' title="bbox 111 2074 1181 2171; baseline 0.006 -32"><span class='ocrx_word' id='word_1_112' title='bbox 111 2094 214 2145; x_wconf 84' lang='lat' dir='ltr'>versus</span> <span class='ocrx_word' id='word_1_113' title='bbox 241 2076 280 2147; x_wconf 85' lang='lat' dir='ltr'>in</span> <span class='ocrx_word' id='word_1_114' title='bbox 309 2077 477 2149; x_wconf 81' lang='lat' dir='ltr'>Gaesarem</span> <span class='ocrx_word' id='word_1_115' title='bbox 489 2075 668 2169; x_wconf 63' lang='lat' dir='ltr'>:sactum</span> <span class='ocrx_word' id='word_1_116' title='bbox 692 2075 817 2168; x_wconf 88' lang='lat' dir='ltr'>inquit,</span> <span class='ocrx_word' id='word_1_117' title='bbox 837 2080 1044 2171; x_wconf 69' lang='lat' dir='ltr'>inperator,</span> <span class='ocrx_word' id='word_1_118' title='bbox 1061 2074 1181 2162; x_wconf 76' lang='lat' dir='ltr'>leodic,</span> 
     </span>
     <span class='ocr_line' id='line_1_17' title="bbox 112 2179 1186 2280; baseline 0 -29"><span class='ocrx_word' id='word_1_119' title='bbox 112 2180 190 2251; x_wconf 79' lang='lat' dir='ltr'>mdc</span> <span class='ocrx_word' id='word_1_120' title='bbox 199 2183 262 2259; x_wconf 82' lang='lat' dir='ltr'>vel</span> <span class='ocrx_word' id='word_1_121' title='bbox 275 2185 353 2253; x_wconf 77' lang='lat' dir='ltr'>vivo</span> <span class='ocrx_word' id='word_1_122' title='bbox 367 2181 452 2251; x_wconf 78' lang='lat' dir='ltr'>milri</span> <span class='ocrx_word' id='word_1_123' title='bbox 462 2182 523 2253; x_wconf 82' lang='lat' dir='ltr'>nel</span> <span class='ocrx_word' id='word_1_124' title='bbox 535 2197 668 2254; x_wconf 87' lang='lat' dir='ltr'>mortuo</span> <span class='ocrx_word' id='word_1_125' title='bbox 681 2185 821 2280; x_wconf 76' lang='lat' dir='ltr'>gratias</span> <span class='ocrx_word' id='word_1_126' title='bbox 835 2206 935 2277; x_wconf 77' lang='lat' dir='ltr'>ngas.</span> <span class='ocrx_word' id='word_1_127' title='bbox 955 2183 1036 2251; x_wconf 85' lang='lat' dir='ltr'>Haee</span> <span class='ocrx_word' id='word_1_128' title='bbox 1051 2179 1186 2274; x_wconf 85' lang='lat' dir='ltr'>dicens,</span> 
     </span>
     <span class='ocr_line' id='line_1_18' title="bbox 112 2286 1181 2383; baseline -0.001 -25"><span class='ocrx_word' id='word_1_129' title='bbox 112 2289 250 2381; x_wconf 82' lang='lat' dir='ltr'>primum</span> <span class='ocrx_word' id='word_1_130' title='bbox 271 2292 307 2362; x_wconf 89' lang='lat' dir='ltr'>iu</span> <span class='ocrx_word' id='word_1_131' title='bbox 329 2288 472 2359; x_wconf 89' lang='lat' dir='ltr'>hostes</span> <span class='ocrx_word' id='word_1_132' title='bbox 462 2303 625 2383; x_wconf 79' lang='lat' dir='ltr'>impetum</span> <span class='ocrx_word' id='word_1_133' title='bbox 647 2288 743 2377; x_wconf 85' lang='lat' dir='ltr'>fecit;</span> <span class='ocrx_word' id='word_1_134' title='bbox 766 2313 909 2383; x_wconf 84' lang='lat' dir='ltr'>eumque</span> <span class='ocrx_word' id='word_1_135' title='bbox 930 2286 1040 2358; x_wconf 88' lang='lat' dir='ltr'>dilecti</span> <span class='ocrx_word' id='word_1_136' title='bbox 1061 2287 1181 2369; x_wconf 75' lang='lat' dir='ltr'>milites</span> 
     </span>
     <span class='ocr_line' id='line_1_19' title="bbox 37 2392 1185 2491; baseline 0.003 -30"><span class='ocrx_word' id='word_1_137' title='bbox 37 2478 38 2487; x_wconf 10' lang='grc' dir='ltr'>ἢ</span> <span class='ocrx_word' id='word_1_138' title='bbox 112 2394 234 2491; x_wconf 72' lang='lat' dir='ltr'>circiter</span> <span class='ocrx_word' id='word_1_139' title='bbox 253 2409 389 2467; x_wconf 90' lang='lat' dir='ltr'>centum</span> <span class='ocrx_word' id='word_1_140' title='bbox 407 2395 523 2490; x_wconf 81' lang='lat' dir='ltr'>viginti</span> <span class='ocrx_word' id='word_1_141' title='bbox 541 2392 728 2469; x_wconf 82' lang='lat' dir='ltr'>voluntarie</span> <span class='ocrx_word' id='word_1_142' title='bbox 748 2397 917 2488; x_wconf 85' lang='lat' dir='ltr'>prosecuti</span> <span class='ocrx_word' id='word_1_143' title='bbox 939 2409 1024 2465; x_wconf 80' lang='lat' dir='ltr'>sunt</span> <span class='ocrx_word' id='word_1_144' title='bbox 1044 2396 1185 2485; x_wconf 84' lang='lat' dir='ltr'>Fuerat,</span> 
     </span>
    </p>

    <p class='ocr_par' dir='ltr' id='par_1_6' title="bbox 37 2484 1183 3886">
     <span class='ocr_line' id='line_1_20' title="bbox 111 2484 1182 2622; baseline 0.003 -53.806"><span class='ocrx_word' id='word_1_145' title='bbox 111 2515 143 2572; x_wconf 87' lang='lat' dir='ltr'>ut</span> <span class='ocrx_word' id='word_1_146' title='bbox 154 2484 255 2600; x_wconf 83' lang='lat' dir='ltr'>aliqui</span> <span class='ocrx_word' id='word_1_147' title='bbox 272 2501 454 2622; x_wconf 82' lang='lat' dir='ltr'>tradidere,</span> <span class='ocrx_word' id='word_1_148' title='bbox 467 2492 480 2589; x_wconf 86' lang='lat'>(</span> <span class='ocrx_word' id='word_1_149' title='bbox 494 2527 557 2573; x_wconf 84' lang='lat' dir='ltr'>nec</span> <span class='ocrx_word' id='word_1_150' title='bbox 570 2500 726 2577; x_wconf 88' lang='lat' dir='ltr'>dissimile</span> <span class='ocrx_word' id='word_1_151' title='bbox 740 2527 811 2570; x_wconf 86' lang='lat' dir='ltr'>verr</span> <span class='ocrx_word' id='word_1_152' title='bbox 804 2493 898 2590; x_wconf 85' lang='lat' dir='ltr'>est)</span> <span class='ocrx_word' id='word_1_153' title='bbox 914 2500 1049 2598; x_wconf 82' lang='lat' dir='ltr'>quidam</span> <span class='ocrx_word' id='word_1_154' title='bbox 1063 2502 1182 2571; x_wconf 90' lang='lat' dir='ltr'>utrius·</span> 
     </span>
     <span class='ocr_line' id='line_1_21' title="bbox 111 2609 1181 2708; baseline -0.002 -30"><span class='ocrx_word' id='word_1_155' title='bbox 111 2633 166 2702; x_wconf 73' lang='lat' dir='ltr'>que</span> <span class='ocrx_word' id='word_1_156' title='bbox 191 2611 322 2706; x_wconf 79' lang='lat' dir='ltr'>partis,</span> <span class='ocrx_word' id='word_1_157' title='bbox 346 2612 381 2684; x_wconf 84' lang='lat' dir='ltr'>iu</span> <span class='ocrx_word' id='word_1_158' title='bbox 412 2610 485 2704; x_wconf 89' lang='lat' dir='ltr'>ipso</span> <span class='ocrx_word' id='word_1_159' title='bbox 507 2635 628 2708; x_wconf 78' lang='lat' dir='ltr'>pugnae</span> <span class='ocrx_word' id='word_1_160' title='bbox 657 2609 841 2704; x_wconf 89' lang='lat' dir='ltr'>principio,</span> <span class='ocrx_word' id='word_1_161' title='bbox 864 2609 939 2703; x_wconf 91' lang='lat' dir='ltr'>pius</span> <span class='ocrx_word' id='word_1_162' title='bbox 968 2624 1104 2704; x_wconf 85' lang='lat' dir='ltr'>torpor,</span> <span class='ocrx_word' id='word_1_163' title='bbox 1123 2611 1181 2704; x_wconf 88' lang='lat' dir='ltr'>qui</span> 
     </span>
     <span class='ocr_line' id='line_1_22' title="bbox 111 2715 1181 2820; baseline -0.002 -36"><span class='ocrx_word' id='word_1_164' title='bbox 111 2719 235 2794; x_wconf 79' lang='lat' dir='ltr'>strictos</span> <span class='ocrx_word' id='word_1_165' title='bbox 243 2719 315 2812; x_wconf 74' lang='lat' dir='ltr'>jam</span> <span class='ocrx_word' id='word_1_166' title='bbox 327 2715 455 2812; x_wconf 77' lang='lat' dir='ltr'>gladios</span> <span class='ocrx_word' id='word_1_167' title='bbox 464 2718 671 2788; x_wconf 84' lang='lat' dir='ltr'>contineret:</span> <span class='ocrx_word' id='word_1_168' title='bbox 664 2739 809 2820; x_wconf 63' lang='lat' dir='ltr'>nempe</span> <span class='ocrx_word' id='word_1_169' title='bbox 823 2739 927 2809; x_wconf 90' lang='lat' dir='ltr'>quum</span> <span class='ocrx_word' id='word_1_170' title='bbox 939 2715 1089 2813; x_wconf 80' lang='lat' dir='ltr'>germani</span> <span class='ocrx_word' id='word_1_171' title='bbox 1102 2740 1181 2783; x_wconf 92' lang='lat' dir='ltr'>suos</span> 
     </span>
     <span class='ocr_line' id='line_1_23' title="bbox 111 2819 1182 2917; baseline 0 -28"><span class='ocrx_word' id='word_1_172' title='bbox 111 2819 222 2894; x_wconf 80' lang='lat' dir='ltr'>fratres</span> <span class='ocrx_word' id='word_1_173' title='bbox 248 2824 292 2896; x_wconf 77' lang='lat' dir='ltr'>ab</span> <span class='ocrx_word' id='word_1_174' title='bbox 317 2823 457 2900; x_wconf 74' lang='lat' dir='ltr'>adversa</span> <span class='ocrx_word' id='word_1_175' title='bbox 481 2824 568 2909; x_wconf 78' lang='lat' dir='ltr'>acie,</span> <span class='ocrx_word' id='word_1_176' title='bbox 589 2836 744 2917; x_wconf 86' lang='lat' dir='ltr'>parentes</span> <span class='ocrx_word' id='word_1_177' title='bbox 764 2820 867 2913; x_wconf 89' lang='lat' dir='ltr'>filios,</span> <span class='ocrx_word' id='word_1_178' title='bbox 887 2835 921 2888; x_wconf 90' lang='lat' dir='ltr'>et</span> <span class='ocrx_word' id='word_1_179' title='bbox 944 2835 1100 2916; x_wconf 87' lang='lat' dir='ltr'>parentes</span> <span class='ocrx_word' id='word_1_180' title='bbox 1123 2819 1182 2889; x_wconf 88' lang='lat' dir='ltr'>filii</span> 
     </span>
     <span class='ocr_line' id='line_1_24' title="bbox 111 2873 1180 3024; baseline -0.007 -22"><span class='ocrx_word' id='word_1_181' title='bbox 111 2929 279 3002; x_wconf 79' lang='lat' dir='ltr'>viderent:</span> <span class='ocrx_word' id='word_1_182' title='bbox 297 2931 408 3006; x_wconf 81' lang='lat' dir='ltr'>donec</span> <span class='ocrx_word' id='word_1_183' title='bbox 434 2931 607 3004; x_wconf 66' lang='lat' dir='ltr'>Crastinus</span> <span class='ocrx_word' id='word_1_184' title='bbox 623 2929 681 3004; x_wconf 84' lang='lat' dir='ltr'>hic</span> <span class='ocrx_word' id='word_1_185' title='bbox 702 2873 923 3024; x_wconf 75' lang='lat' dir='ltr'>praecipitinti</span> <span class='ocrx_word' id='word_1_186' title='bbox 949 2925 1040 2997; x_wconf 80' lang='lat' dir='ltr'>rabie</span> <span class='ocrx_word' id='word_1_187' title='bbox 1061 2951 1180 2995; x_wconf 87' lang='lat' dir='ltr'>vocem</span> 
     </span>
     <span class='ocr_line' id='line_1_25' title="bbox 111 3032 1181 3137; baseline -0.001 -34"><span class='ocrx_word' id='word_1_188' title='bbox 111 3035 251 3128; x_wconf 83' lang='lat' dir='ltr'>tolleret,</span> <span class='ocrx_word' id='word_1_189' title='bbox 270 3037 439 3134; x_wconf 83' lang='lat' dir='ltr'>pilumque</span> <span class='ocrx_word' id='word_1_190' title='bbox 467 3051 661 3137; x_wconf 87' lang='lat' dir='ltr'>torqueret:</span> <span class='ocrx_word' id='word_1_191' title='bbox 684 3035 730 3110; x_wconf 78' lang='lat' dir='ltr'>ita</span> <span class='ocrx_word' id='word_1_192' title='bbox 759 3032 910 3130; x_wconf 63' lang='lat' dir='ltr'>prelium</span> <span class='ocrx_word' id='word_1_193' title='bbox 942 3049 1089 3129; x_wconf 86' lang='lat' dir='ltr'>coeptum</span> <span class='ocrx_word' id='word_1_194' title='bbox 1119 3048 1181 3102; x_wconf 85' lang='lat' dir='ltr'>est.</span> 
     </span>
     <span class='ocr_line' id='line_1_26' title="bbox 110 3140 1180 3240; baseline -0.008 -23"><span class='ocrx_word' id='word_1_195' title='bbox 110 3141 204 3232; x_wconf 73' lang='lat' dir='ltr'>Quod</span> <span class='ocrx_word' id='word_1_196' title='bbox 218 3145 281 3224; x_wconf 85' lang='lat' dir='ltr'>nisi</span> <span class='ocrx_word' id='word_1_197' title='bbox 296 3145 395 3216; x_wconf 89' lang='lat' dir='ltr'>unius</span> <span class='ocrx_word' id='word_1_198' title='bbox 405 3144 504 3218; x_wconf 81' lang='lat' dir='ltr'>,furor</span> <span class='ocrx_word' id='word_1_199' title='bbox 515 3144 667 3216; x_wconf 88' lang='lat' dir='ltr'>homines</span> <span class='ocrx_word' id='word_1_200' title='bbox 681 3142 884 3240; x_wconf 78' lang='lat' dir='ltr'>miscuisset,</span> <span class='ocrx_word' id='word_1_201' title='bbox 891 3155 1028 3237; x_wconf 79' lang='lat' dir='ltr'>poterat</span> <span class='ocrx_word' id='word_1_202' title='bbox 1039 3140 1180 3210; x_wconf 83' lang='lat' dir='ltr'>fortasse</span> 
     </span>
     <span class='ocr_line' id='line_1_27' title="bbox 111 3247 1179 3348; baseline -0.004 -30"><span class='ocrx_word' id='word_1_203' title='bbox 111 3247 243 3324; x_wconf 85' lang='lat' dir='ltr'>ducibus</span> <span class='ocrx_word' id='word_1_204' title='bbox 272 3253 352 3348; x_wconf 88' lang='lat' dir='ltr'>ipsis</span> <span class='ocrx_word' id='word_1_205' title='bbox 371 3250 594 3346; x_wconf 86' lang='lat' dir='ltr'>patientibus,</span> <span class='ocrx_word' id='word_1_206' title='bbox 614 3251 697 3326; x_wconf 84' lang='lat' dir='ltr'>eitra</span> <span class='ocrx_word' id='word_1_207' title='bbox 719 3251 852 3326; x_wconf 85' lang='lat' dir='ltr'>romani</span> <span class='ocrx_word' id='word_1_208' title='bbox 876 3249 1007 3344; x_wconf 82' lang='lat' dir='ltr'>imperii</span> <span class='ocrx_word' id='word_1_209' title='bbox 1028 3247 1179 3315; x_wconf 85' lang='lat' dir='ltr'>humani·</span> 
     </span>
     <span class='ocr_line' id='line_1_28' title="bbox 109 3351 1181 3458; baseline -0.007 -30"><span class='ocrx_word' id='word_1_210' title='bbox 109 3378 165 3448; x_wconf 80' lang='lat' dir='ltr'>que</span> <span class='ocrx_word' id='word_1_211' title='bbox 180 3360 316 3454; x_wconf 77' lang='lat' dir='ltr'>generis</span> <span class='ocrx_word' id='word_1_212' title='bbox 334 3357 648 3446; x_wconf 77' lang='lat' dir='ltr'>excidium,mutua</span> <span class='ocrx_word' id='word_1_213' title='bbox 668 3357 790 3452; x_wconf 78' lang='lat' dir='ltr'>pietate</span> <span class='ocrx_word' id='word_1_214' title='bbox 808 3355 969 3456; x_wconf 82' lang='lat' dir='ltr'>componi</span> <span class='ocrx_word' id='word_1_215' title='bbox 988 3379 996 3420; x_wconf 91' lang='lat'>:</span> <span class='ocrx_word' id='word_1_216' title='bbox 1017 3354 1075 3422; x_wconf 91' lang='lat' dir='ltr'>sed</span> <span class='ocrx_word' id='word_1_217' title='bbox 1090 3351 1181 3458; x_wconf 85' lang='lat' dir='ltr'>proh</span> 
     </span>
     <span class='ocr_line' id='line_1_29' title="bbox 110 3459 1182 3560; baseline -0.006 -26"><span class='ocrx_word' id='word_1_218' title='bbox 110 3460 214 3541; x_wconf 79' lang='lat' dir='ltr'>dolor!</span> <span class='ocrx_word' id='word_1_219' title='bbox 237 3469 396 3558; x_wconf 75' lang='lat' dir='ltr'>inventus</span> <span class='ocrx_word' id='word_1_220' title='bbox 418 3479 484 3552; x_wconf 79' lang='lat' dir='ltr'>eut,</span> <span class='ocrx_word' id='word_1_221' title='bbox 503 3466 560 3560; x_wconf 87' lang='lat' dir='ltr'>qui</span> <span class='ocrx_word' id='word_1_222' title='bbox 586 3466 718 3540; x_wconf 81' lang='lat' dir='ltr'>Caesare</span> <span class='ocrx_word' id='word_1_223' title='bbox 746 3464 819 3560; x_wconf 72' lang='lat' dir='ltr'>&#39;msc</span> <span class='ocrx_word' id='word_1_224' title='bbox 846 3459 1038 3548; x_wconf 81' lang='lat' dir='ltr'>differente,</span> <span class='ocrx_word' id='word_1_225' title='bbox 1054 3485 1182 3559; x_wconf 80' lang='lat' dir='ltr'>prope·</span> 
     </span>
     <span class='ocr_line' id='line_1_30' title="bbox 112 3565 1181 3668; baseline -0.005 -29"><span class='ocrx_word' id='word_1_226' title='bbox 112 3587 194 3642; x_wconf 76' lang='lat' dir='ltr'>reret</span> <span class='ocrx_word' id='word_1_227' title='bbox 201 3597 338 3668; x_wconf 75' lang='lat' dir='ltr'>,neque</span> <span class='ocrx_word' id='word_1_228' title='bbox 356 3573 428 3668; x_wconf 74' lang='lat' dir='ltr'>ipse</span> <span class='ocrx_word' id='word_1_229' title='bbox 443 3587 557 3650; x_wconf 77' lang='lat' dir='ltr'>umen</span> <span class='ocrx_word' id='word_1_230' title='bbox 573 3571 657 3640; x_wconf 83' lang='lat' dir='ltr'>tanti</span> <span class='ocrx_word' id='word_1_231' title='bbox 674 3567 752 3638; x_wconf 82' lang='lat' dir='ltr'>mali</span> <span class='ocrx_word' id='word_1_232' title='bbox 771 3584 888 3641; x_wconf 86' lang='lat' dir='ltr'>auctor</span> <span class='ocrx_word' id='word_1_233' title='bbox 909 3565 989 3636; x_wconf 84' lang='lat' dir='ltr'>abiit</span> <span class='ocrx_word' id='word_1_234' title='bbox 1003 3568 1181 3643; x_wconf 82' lang='lat' dir='ltr'>immunis:</span> 
     </span>
     <span class='ocr_line' id='line_1_31' title="bbox 110 3675 1183 3776; baseline -0.011 -24"><span class='ocrx_word' id='word_1_235' title='bbox 110 3675 243 3752; x_wconf 78' lang='lat' dir='ltr'>infixo</span> <span class='ocrx_word' id='word_1_236' title='bbox 228 3705 270 3753; x_wconf 88' lang='grc' dir='ltr'>ιιι</span> <span class='ocrx_word' id='word_1_237' title='bbox 297 3705 335 3754; x_wconf 90' lang='lat' dir='ltr'>os</span> <span class='ocrx_word' id='word_1_238' title='bbox 357 3677 512 3776; x_wconf 64' lang='lat' dir='ltr'>gladio,</span> <span class='ocrx_word' id='word_1_239' title='bbox 510 3681 600 3752; x_wconf 84' lang='lat' dir='ltr'>inter</span> <span class='ocrx_word' id='word_1_240' title='bbox 624 3676 788 3752; x_wconf 76' lang='lat' dir='ltr'>cadevera</span> <span class='ocrx_word' id='word_1_241' title='bbox 809 3701 888 3752; x_wconf 82' lang='lat' dir='ltr'>mox</span> <span class='ocrx_word' id='word_1_242' title='bbox 908 3675 1062 3743; x_wconf 86' lang='lat' dir='ltr'>inventus</span> <span class='ocrx_word' id='word_1_243' title='bbox 1083 3687 1183 3768; x_wconf 83' lang='lat' dir='ltr'>atque</span> 
     </span>
     <span class='ocr_line' id='line_1_32' title="bbox 110 3781 1182 3908; baseline -0.001 -58"><span class='ocrx_word' id='word_1_244' title='bbox 110 3788 313 3881; x_wconf 81' lang='lat' dir='ltr'>recognitus,</span> <span class='ocrx_word' id='word_1_245' title='bbox 335 3801 553 3908; x_wconf 66' lang='lat' dir='ltr'>notatumque</span> <span class='ocrx_word' id='word_1_246' title='bbox 583 3785 650 3862; x_wconf 82' lang='lat' dir='ltr'>oris</span> <span class='ocrx_word' id='word_1_247' title='bbox 677 3781 814 3854; x_wconf 83' lang='lat' dir='ltr'>vulnere</span> <span class='ocrx_word' id='word_1_248' title='bbox 841 3783 909 3860; x_wconf 78' lang='lat' dir='ltr'>oris</span> <span class='ocrx_word' id='word_1_249' title='bbox 935 3781 1097 3899; x_wconf 77' lang='lat' dir='ltr'>impetum</span> <span class='ocrx_word' id='word_1_250' title='bbox 1120 3805 1182 3874; x_wconf 89' lang='lat' dir='ltr'>pu-</span> 
     </span>
    </p>

    <p class='ocr_par' dir='ltr' id='par_1_7' title="bbox 109 3883 1184 4206">
     <span class='ocr_line' id='line_1_33' title="bbox 110 3883 1184 3988; baseline -0.006 -25"><span class='ocrx_word' id='word_1_251' title='bbox 110 3890 210 3972; x_wconf 72' lang='lat' dir='ltr'>nitum</span> <span class='ocrx_word' id='word_1_252' title='bbox 226 3891 387 3974; x_wconf 84' lang='lat' dir='ltr'>ultione</span> <span class='ocrx_word' id='word_1_253' title='bbox 375 3893 564 3988; x_wconf 65' lang='lat' dir='ltr'>uastissima</span> <span class='ocrx_word' id='word_1_254' title='bbox 586 3895 801 3968; x_wconf 78' lang='lat' dir='ltr'>Concursum</span> <span class='ocrx_word' id='word_1_255' title='bbox 819 3904 869 3966; x_wconf 90' lang='lat' dir='ltr'>est</span> <span class='ocrx_word' id='word_1_256' title='bbox 888 3889 923 3957; x_wconf 92' lang='lat' dir='ltr'>in</span> <span class='ocrx_word' id='word_1_257' title='bbox 941 3887 1068 3986; x_wconf 81' lang='lat' dir='ltr'>campis</span> <span class='ocrx_word' id='word_1_258' title='bbox 1084 3883 1184 3958; x_wconf 71' lang='lat' dir='ltr'>Thes</span> 
     </span>
     <span class='ocr_line' id='line_1_34' title="bbox 110 3991 1185 4096; baseline -0.011 -24"><span class='ocrx_word' id='word_1_259' title='bbox 110 3996 191 4072; x_wconf 67' lang='lat' dir='ltr'>8³11ae</span> <span class='ocrx_word' id='word_1_260' title='bbox 197 4027 305 4096; x_wconf 79' lang='lat' dir='ltr'>‚quos</span> <span class='ocrx_word' id='word_1_261' title='bbox 324 4000 495 4096; x_wconf 70' lang='lat' dir='ltr'>&#39;Philiffiros</span> <span class='ocrx_word' id='word_1_262' title='bbox 510 4014 653 4078; x_wconf 70' lang='lat' dir='ltr'>nocant·</span> <span class='ocrx_word' id='word_1_263' title='bbox 672 3997 768 4077; x_wconf 84' lang='lat' dir='ltr'>illurn</span> <span class='ocrx_word' id='word_1_264' title='bbox 784 3997 844 4068; x_wconf 91' lang='lat' dir='ltr'>sibi</span> <span class='ocrx_word' id='word_1_265' title='bbox 864 3993 991 4082; x_wconf 87' lang='lat' dir='ltr'>locum,</span> <span class='ocrx_word' id='word_1_266' title='bbox 1009 3991 1148 4075; x_wconf 83' lang='lat' dir='ltr'>Romae</span> <span class='ocrx_word' id='word_1_267' title='bbox 1139 4019 1185 4061; x_wconf 89' lang='grc' dir='ltr'><strong>ιιι-</strong></span> 
     </span>
     <span class='ocr_line' id='line_1_35' title="bbox 109 4055 1184 4206; baseline -0.003 -34"><span class='ocrx_word' id='word_1_268' title='bbox 109 4055 249 4180; x_wconf 66' lang='lat' dir='ltr'>viderier</span> <span class='ocrx_word' id='word_1_269' title='bbox 232 4107 368 4182; x_wconf 77' lang='lat' dir='ltr'>fortune</span> <span class='ocrx_word' id='word_1_270' title='bbox 384 4107 565 4206; x_wconf 76' lang='lat' dir='ltr'>delegerat,</span> <span class='ocrx_word' id='word_1_271' title='bbox 576 4107 633 4180; x_wconf 90' lang='lat' dir='ltr'>ubi</span> <span class='ocrx_word' id='word_1_272' title='bbox 645 4105 687 4176; x_wconf 85' lang='lat' dir='ltr'>ab</span> <span class='ocrx_word' id='word_1_273' title='bbox 698 4103 878 4180; x_wconf 89' lang='lat' dir='ltr'>hostibus</span> <span class='ocrx_word' id='word_1_274' title='bbox 869 4103 1010 4172; x_wconf 80' lang='lat' dir='ltr'>invictas</span> <span class='ocrx_word' id='word_1_275' title='bbox 1029 4125 1184 4172; x_wconf 69' lang='lat' dir='ltr'>romanus</span> 
     </span>
    </p>
   </div>
   <div class='ocr_carea' id='block_1_3' title="bbox 935 4221 998 4304">
    <p class='ocr_par' dir='ltr' id='par_1_8' title="bbox 935 4221 998 4304">
     <span class='ocr_line' id='line_1_36' title="bbox 935 4221 998 4304; baseline 0 0"><span class='ocrx_word' id='word_1_276' title='bbox 935 4221 998 4304; x_wconf 76' lang='lat'>13⁴</span> 
     </span>
    </p>
   </div>
   <div class='ocr_carea' id='block_1_4' title="bbox 0 0 1504 5025">
    <p class='ocr_par' dir='ltr' id='par_1_9' title="bbox 0 0 1504 5025">
     <span class='ocr_line' id='line_1_37' title="bbox 0 0 1504 5025; baseline 0 2"><span class='ocrx_word' id='word_1_277' title='bbox 0 0 1504 5025; x_wconf 95' lang='lat' dir='ltr'> </span> 
     </span>
    </p>
   </div>
  </div>
 </body>
</html>
