3000 5025
299 454 977 539 nnv1ratut11cnsaa1s.
1144 464 1189 565 57

119 594 166 663 illa
187 596 374 667 incredibili
396 594 565 687 celeritate
587 598 811 687 transcendit,
829 625 903 695 qum
920 588 1007 697 saepe
1025 600 1139 673 multis
1158 605 1194 671 in

120 701 191 771 locis
208 706 345 799 cognita
360 703 492 793 effecit,
510 721 549 775 ut
563 706 771 801 quantolibet
785 708 955 777 absentem
970 711 1096 804 spatio,
1113 733 1195 778 sem·

119 826 224 903 peret
246 827 446 907 praesentem
476 826 509 880 et
536 816 766 883 imminentem
788 815 973 884 cervicibus
997 818 1192 911 cogitarent.

118 918 217 986 Nemo
245 943 397 1012 unquam
425 918 610 1013 expeditior
637 920 838 1019 agiliorque,
861 946 930 989 non
953 920 1061 992 dicam
1088 924 1193 1017 impe-

118 1037 218 1113 rator,
230 1024 290 1093 sed
304 1028 415 1095 viator
432 1026 503 1095 fuit.
525 1029 655 1097 Caesare
675 1029 779 1123 igitur
799 1052 950 1117 reverso,
963 1029 1102 1117 Veneti,
1118 1028 1195 1099 Gal·

119 1126 195 1223 lique
212 1131 291 1219 alii,
311 1132 438 1201 lactum
460 1157 557 1203 suum
575 1150 785 1229 reputantes,
801 1137 858 1230 qui
876 1135 1003 1230 legatos
1018 1138 1124 1229 gentis
1139 1162 1196 1231 po

120 1239 305 1307 tentissime
333 1239 508 1309 barbarica
532 1243 737 1310 immanitate
759 1241 958 1330 violassent,
980 1266 1049 1311 non
1074 1241 1117 1309 ad
1143 1267 1196 1311 ve·

119 1343 199 1411 niam
221 1344 423 1439 petendam,
442 1347 499 1415 sed
527 1348 569 1417 ad
594 1350 662 1416 vim
685 1348 893 1418 inferendam
918 1373 989 1418 sese
1014 1361 1195 1444 apparant,

118 1451 323 1545 vicissimque
343 1478 377 1522 se
396 1453 511 1549 populi
526 1457 560 1522 in
573 1453 696 1523 bellum
708 1454 792 1524 alter
802 1454 944 1525 alterum
958 1455 1195 1525 cohortantur:

118 1579 217 1650 neque
242 1558 352 1627 solum
370 1584 389 1628 a
407 1562 567 1655 proximis
587 1561 793 1631 contrahunt
811 1562 951 1649 auxilia;
972 1562 1030 1631 sed
1052 1563 1153 1630 etiam
1175 1584 1197 1630 a

119 1663 300 1752 Britannis,
318 1667 375 1760 qui
395 1669 522 1736 Oceani
545 1683 626 1737 aestu
646 1672 765 1737 semoti
782 1694 851 1737 non
876 1692 1000 1767 magno
1020 1666 1196 1737 intervallo

119 1784 229 1839 contra
258 1770 350 1841 illam
376 1771 508 1868 plagam
531 1774 694 1843 habitant.
719 1776 763 1843 Et
788 1777 860 1844 haec
889 1774 1017 1844 faciunt
1039 1799 1108 1843 uon
1126 1788 1195 1843 tam

119 1879 230 1966 armis,
250 1902 352 1971 quam
382 1879 462 1949 locis
490 1880 630 1951 fidentes
657 1883 825 1977 imperviis
852 1896 952 1975 atque
976 1879 1197 1976 palustribus,

119 1982 170 2051 ubi
197 2010 262 2053 nec
294 1986 466 2080 expeditus
493 1986 617 2081 pedum
645 2012 725 2059 usus
752 2002 860 2077 esset,
881 2012 945 2057 nec
971 1990 1108 2057 navium
1138 2000 1198 2056 aut

119 2111 278 2183 equorum
290 2118 297 2158 :
310 2107 343 2159 et
353 2107 391 2161 ut
402 2096 552 2189 navigari
566 2110 696 2189 posset,
708 2097 886 2164 sentientes
900 2119 935 2164 se
946 2095 1087 2165 navibus
1097 2094 1198 2163 abun·

119 2194 212 2285 dare,
232 2199 355 2293 quihus
368 2215 487 2294 egeant
502 2203 661 2286 Romani,
678 2198 779 2270 da'bat
794 2204 931 2296 insuper
953 2203 1081 2270 animos
1097 2215 1197 2270 estus

118 2300 166 2371 ille
179 2307 395 2399 reciprocus3
414 2308 470 2401 qui
485 2306 619 2377 alternis
639 2298 731 2377 littus
746 2309 893 2377 motibus
908 2310 1032 2402 quatit,
1050 2309 1197 2402 tegitque

119 2423 148 2476 et
160 2411 287 2499 nudat,
305 2414 433 2481 Oceani
456 2412 571 2482 incolis
596 2429 715 2502 notus,
729 2416 915 2509 exterisque
938 2413 1102 2483 terribilis.
1119 2414 1196 2507 ‘Na-

121 2519 220 2610 vium.
234 2535 396 2614 praeterea
419 2545 554 2590 suarum
579 2521 700 2606 robur,
718 2536 753 2590 et
775 2536 980 2591 armamenta
1004 2547 1067 2616 pro
1092 2519 1197 2617 quali·

120 2629 182 2694 tate
202 2626 367 2696 fluctuum
381 2641 415 2695 et
433 2642 631 2716 ventorum,
644 2626 764 2721 quibus
779 2627 941 2722 agitandae
959 2643 1056 2697 erant
1069 2653 1108 2696 ac
1123 2624 1197 2720 pul·

122 2732 397 2829 sandae,propter
405 2759 480 2827 quae
490 2735 592 2803 maris
603 2748 810 2827 aestuumque
818 2733 984 2808 violentiae
992 2730 1198 2827 perferendae

122 2837 221 2908 multo
246 2842 393 2910 romanis
415 2841 554 2909 navibus
578 2841 723 2934 aptiores
745 2840 958 2923 viderentur,
978 2839 1100 2908 harum
1125 2862 1197 2906 om-

34 2977 39 2990 ·
124 2945 211 3014 nium
229 2944 464 3015 difficultatum
483 2945 575 3016 nulla
595 2950 762 3018 Caesarem
782 2946 926 3035 latebat,
943 2969 1065 3040 magna
1085 2961 1199 3014 tamen

124 3047 288 3121 lacessitus
307 3053 427 3148 injuria
449 3055 655 3147 veritusque,
677 3054 767 3122 nesi
788 3055 851 3122 ista
872 3052 1126 3140 dissimulasset,
1145 3077 1197 3120 re-

125 3153 215 3252 liquae
235 3162 407 3249 nationes,
425 3174 463 3228 ut
483 3175 561 3228 sunt
579 3161 680 3229 animi
697 3162 731 3227 in
751 3161 940 3255 superbiam
963 3185 1002 3230 ac
1023 3158 1198 3255 perfidiam

32 3325 33 3336 ,
125 3267 234 3362 proni,
255 3265 370 3334 inultoe
397 3265 584 3335 rebellionis
611 3265 763 3362 exempla
789 3281 1023 3362 sequerentur,
1041 3267 1107 3334 hoc
1135 3264 1199 3333 sihi

126 3370 308 3442 nullatenus
324 3371 560 3467 negligendum
579 3374 801 3462 existimabat,
818 3377 990 3467 sciensque
1003 3368 1199 3441 naturaliter

126 3476 310 3549 hominibus
321 3481 476 3569 mutum,
490 3478 676 3558 libertatern
691 3503 804 3549 amare
818 3496 852 3550 et
864 3480 973 3549 odisse
986 3480 1196 3577 servitutem3

128 3599 197 3654 ante
209 3585 291 3655 alios
303 3582 416 3656 ¹Gallis
435 3587 616 3680 ingenitam
630 3586 814 3676 levitatem,
830 3601 869 3656 ut
888 3585 931 3656 de
949 3584 1037 3655 facili
1057 3582 1198 3654 mobiles

130 3705 221 3788 atque
241 3693 285 3762 ad
308 3693 416 3762 subita
439 3691 525 3762 bella
548 3692 710 3762 volubiles
732 3709 851 3763 essent.
875 3696 948 3763 Jam
967 3717 1028 3787 per
1048 3705 1197 3759 extrema

130 3797 306 3884 Galliarum
318 3801 478 3895 praesagia
491 3802 679 3870 novitatum
692 3803 860 3869 variarum
870 3799 975 3869 multa
983 3788 1197 3893 conceperam

130 3904 231 4000 itaque
242 3928 314 3994 ne,
326 3905 439 3996 utfit,
453 3922 564 3977 motus
582 3905 636 3976 alii
655 3930 756 4002 super
775 3904 856 3977 alios
876 3909 1059 3994 orirentur,
1072 3919 1196 3974 esseut·

132 4033 187 4102 que
211 4013 371 4106 ubilibet,
389 4015 446 4106 qui
468 4016 590 4084 coortis
614 4029 844 4101 occurrerent,
857 4038 917 4108 per
939 4011 1070 4090 diversa
1093 4027 1197 4081 terra·

131 4141 195 4194 rum
209 4121 324 4192 divisit
337 4121 518 4191 exercitum
530 4145 537 4190 ε
551 4123 662 4191 Titum
677 4109 862 4200 Labienum
875 4145 952 4191 cum
966 4121 1114 4218 equitatu
1127 4141 1198 4191 ma·
