3000 5025
281 469 354 536 DE
381 468 511 537 VITA
540 468 558 535 J
568 466 688 535 ULII
716 466 958 539 CAESARIS.
1089 490 1163 567 109

68 656 69 663 ,
104 597 286 695 periculum3
308 600 421 670 hostes
441 598 535 669 nullo
555 590 707 693 periculo
727 598 811 671 locis
832 602 1010 697 incognitis
1031 598 1163 675 delites·

103 708 209 776 cebant.
229 708 319 777 Hinc
333 730 455 801 magna
469 705 547 777 duci
564 720 639 775 orta
658 719 731 776 crat
746 708 965 802 ambiguitas,
984 709 1162 803 quid'con·

103 812 148 881 silii
171 828 322 909 caperet3
339 813 476 883 tandem
497 811 579 882 illud
601 811 766 909 elegerat,
783 828 822 884 ut
843 817 956 910 potius
976 814 1100 911 aliquid
1118 816 1162 887 de

99 919 253 1011 justissima
271 934 373 1015 atquc
391 920 644 1026 exoptatissima
652 920 800 991 hostium
816 920 944 991 ultione
959 924 1161 1013 remitteret,

101 1050 180 1119 quarn
202 1052 280 1097 cum
303 1025 416 1121 aliquo
436 1027 643 1097 detrimento
656 1026 800 1096 militum
821 1042 1030 1099 noceretur:
1048 1031 1161 1125 itaque

99 1137 277 1226 pronunciat
288 1134 332 1203 de
344 1134 453 1203 edicto
468 1158 530 1230 per
543 1134 712 1228 proximas
723 1136 893 1223 civitates,
911 1150 951 1207 ut
962 1161 1020 1230 qur
1012 1134 1161 1207 lucrari

101 1257 251 1334 cuperent,
266 1243 497 1311 convenirent.
518 1240 646 1310 Multos
659 1256 757 1312 vetus
774 1189 937 1327 odiuni,
927 1257 1016 1312 inter
1032 1244 1160 1315 vicinos

100 1350 219 1417 maxime
229 1350 348 1443 vigere
363 1346 513 1437 solitum,
524 1372 633 1443 neque
650 1350 824 1443 pauciores
839 1349 1002 1444 cupiditas
1013 1353 1157 1422 attraxit

99 1452 137 1519 Sic
149 1454 252 1525 utilius
263 1455 339 1525 fieri
347 1454 416 1524 dux
427 1454 702 1550 prudentissimus
712 1456 1158 1545 extimabat,ut,Gallorum

42 1610 43 1613 ,
99 1581 193 1653 opera,
214 1562 306 1633 Galli
334 1562 578 1657 diriperentur,
599 1587 701 1657 quam
727 1562 877 1659 periculo
903 1566 1157 1635 Romanonrm:

98 1670 256 1757 presertim
271 1693 380 1765 quum
400 1668 551 1740 locorum
564 1671 733 1758 notitiam,
745 1694 821 1765 quae
835 1670 1157 1760 Romanis'deforet,

41 1818 42 1823 ι
98 1772 166 1842 Galli
177 1774 343 1847 haberent
355 1802 363 1845 ι
375 1776 472 1845 simul
490 1777 690 1846 Eburonum
704 1777 825 1846 urbem
838 1778 886 1846 ita
899 1779 1072 1865 meritam,
1086 1778 1159 1847 fun·

97 1874 164 1951 dibu
180 1883 321 1978 optabat
338 1887 453 1953 everti.
469 1885 550 1953 Dies
564 1886 724 1978 septimus
738 1883 855 1953 aderat
867 1883 988 1953 reditui
1001 1886 1158 1955 Caesareo

97 1988 245 2079 prelixus,
262 2014 330 2060 nec
348 1992 419 2085 ipse
441 1990 605 2079 redierat,
626 2016 689 2059 nec
710 1990 819 2085 legati.
842 1990 975 2061 Accidit
994 2005 1157 2085 praeterea

96 2090 225 2187 inopinus
243 2122 362 2185 casus,
376 2122 444 2192 quo
465 2121 560 2197 suam
576 2096 745 2167 fonunar'n
761 2098 885 2167 bonam
902 2100 938 2167 in
959 2096 1053 2168 bellis
1071 2124 1155 2193 prae·

39 2224 40 2233 ¹
98 2199 204 2292 cipuam
221 2203 480 2274 demonstraret.
501 2208 575 2273 lam
594 2203 715 2299 praedae
729 2205 765 2273 in
781 2218 1045 2311 partemomnes
1056 2208 1157 2275 acciri

39 2380 41 2405 s
97 2316 166 2376 trans
184 2310 367 2381 Rhenum
368 2335 500 2407 quoque
525 2310 614 2380 fama
635 2304 863 2405 vulgaverat:
872 2334 952 2381 mox
969 2313 1156 2402 Sicambri,

38 2428 40 2471 ῑ
98 2434 157 2504 gens
166 2440 326 2511 germana
339 2416 460 2513 praedae
476 2418 589 2506 avida,
602 2416 749 2487 collectis
765 2418 897 2488 duobus
914 2417 1157 2540 nullibuscqui·

38 2563 40 2600 ι
95 2529 149 2588 bin
158 2527 343 2611 ,Rhenum
364 2527 498 2620 navigio
518 2539 713 2613 transeunt,
733 2513 931 2595 Eburonum
953 2526 1071 2596 fines
1061 2551 1156 2595 mva·

38 2623 39 2626 '
96 2622 174 2718 dunt,
193 2633 344 2725 praedam
372 2656 442 2700 non
470 2646 600 2702 tantum
630 2656 708 2700 cum
736 2634 950 2728 impunitate,
970 2633 1038 2701 scd
1054 2636 1155 2702 etiam

38 2745 39 2800 Τ
95 2731 305 2809 Romanorum
322 2763 400 2808 cum
414 2741 520 2834 gratia
534 2736 680 2808 relaturi.
696 2739 772 2806 Jem
787 2739 962 2807 hominurn
976 2739 1156 2832 pecudum·

38 2829 39 2900 ἒ
95 2861 144 2929 que
156 2867 312 2941 magnam
323 2848 393 2914 vim
408 2843 628 2940 collegerant,
643 2858 694 2932 ct,
709 2837 851 2938 urgente
865 2842 950 2914 lucri
961 2843 1155 2935 dulcedine,

38 2977 39 2980 ¹
96 2950 318 3041 procedebant,
339 2975 401 3020 nec
416 2951 517 3021 eundi
531 2977 594 3022 nec
607 2950 779 3048 praedandi
793 2950 895 3020 finem
913 2951 976 3021 sibi
989 2952 1158 3047 cupiditas

95 3048 221 3128 faciebat.
247 3061 305 3129 Sic
328 3073 444 3128 euntes
472 3059 682 3154 captivorum
706 3081 795 3127 unus
821 3060 950 3128 avertit.
973 3062 1026 3128 Et
1047 3061 1151 3154 quid,

96 3155 189 3253 iuquit,
208 3167 289 3235 bute
305 3165 445 3263 praedoe
466 3165 652 3234 laboriosae
673 3157 781 3259 atque
802 3170 900 3260 inopi
918 3181 1019 3236 tanto
1039 3169 1153 3238 studeo

38 3313 39 3318 κ
95 3265 232 3359 ubam5
247 3297 354 3368 quum
369 3271 593 3396 pervertendi
603 3271 656 3340 ad
669 3273 822 3342 summas
842 3297 927 3367 opes
944 3275 1153 3365 tantosaci·

95 3368 145 3442 libr
157 3377 351 3475 breviorque
367 3385 415 3448 sit
433 3384 518 3466 oia,
534 3383 634 3447 ινίιιιιι
653 3383 804 3476 spaniam
821 3379 985 3449 horarum
1001 3380 1153 3453 Arann-

94 3499 155 3549 carr
166 3507 227 3555 uos
233 3487 429 3586 perducet:
444 3485 494 3555 ibi
508 3489 685 3554 Romanus
699 3489 872 3556 exercebas
884 3509 969 3582 opes
982 3489 1154 3579 sunrfhr

94 3595 240 3687 lunasque
255 3600 429 3689 reposuit:
436 3597 666 3718 perexiguum
676 3591 878 3689 praesidinm
896 3594 973 3662 loco
987 3609 1060 3663 est:
1077 3598 1151 3665 (he-

94 3711 141 3758 tar
155 3699 251 3795 longe
266 3701 375 3770 abest.
395 3703 486 3769 Haec
501 3700 592 3785 dr'es,
610 3704 649 3768 ni
664 3704 841 3796 respuatis,
859 3701 1041 3795 opulentos
1056 3703 1152 3772 ιιιιίίο

85 3795 341 3902 facietnegocz'o.
358 3809 510 3900 Praeceps
524 3807 700 3914 hominum
716 3825 839 3902 genus,
850 3804 1047 3876 etconsilii
1037 3831 1151 3903 inops,
1185 3882 1188 3886 ,

95 3916 123 3971 ιι
140 3909 229 4003 plane
251 3916 350 4009 proni
369 3928 447 3982 sunt
467 3939 584 3984 omnes
605 3915 816 4008 acquiescere
837 3912 981 3983 consiliis
1001 3933 1076 4007 quae
1092 3915 1150 3985 de-

95 4002 217 4109 lectam,
238 4032 369 4090 mutato
400 4036 537 4115 repente
566 4022 762 4128 proposito,
789 4019 989 4114 praedaque
999 4023 1149 4092 omnuim

38 4155 40 4164 ι
97 4137 176 4204 quarn
191 4142 349 4222 ceperant
364 4117 554 4216 recondita,
572 4121 715 4198 eodem
706 4145 782 4221 ipso·
800 4125 998 4198 consultore
1003 4139 1038 4198 e't
1048 4125 1150 4213 duce,
