3000 5025
299 446 375 531 ado
511 443 541 511 J.
570 441 735 511 CELSI
767 436 1179 509 COMMENTARII

295 568 542 671 tangentibus
562 575 630 645 solt
647 597 713 644 nos
731 578 928 669 sprevisti,
944 589 1052 668 atque
1063 580 1197 643 annam
1211 562 1378 669 sprevisse
1481 583 1482 612 ³

296 676 498 776 efficerem
518 682 703 751 mltumano
726 680 817 751 illud
833 682 962 751 scelere
976 681 1145 750 elelastds.
1167 679 1278 750 Multa
1295 704 1378 775 quo·
1482 685 1483 704 ³

294 815 360 885 que
375 792 411 859 in
423 789 513 859 hane
527 790 726 859 sententiani
744 788 843 877 dixit,
857 811 1004 883 quorum
1019 786 1222 858 verecundia
1234 789 1378 883 repressi
1482 841 1483 846 η

294 898 400 981 cives,
425 896 467 965 ab
490 895 660 991 hospitum
688 894 836 965 caedibus
856 919 892 963 se
913 895 1175 964 continuerunt:
1205 895 1253 965 sie
1273 896 1378 963 inter·

294 1002 376 1073 dum
394 1003 494 1071 unius
515 1002 597 1085 boni
614 1003 679 1071 viri
699 1000 825 1071 inultos
844 1002 932 1071 inter
951 999 1058 1071 malos
1076 1000 1183 1072 valuit
1200 1003 1328 1087 olatio,
1345 1016 1380 1071 et

295 1111 382 1179 inter
399 1110 512 1179 hostes
527 1110 628 1178 etiam
651 1132 748 1178 suum
767 1109 933 1177 honorem
952 1108 1060 1177 virtus
1080 1110 1229 1177 invenit:
1262 1133 1304 1177 ea
1325 1134 1379 1179 res

294 1216 401 1285 relatu
421 1216 603 1310 transfugae
617 1216 652 1283 in
670 1218 819 1284 exercitu
830 1216 978 1310 primum
990 1216 1131 1284 Caesaris
1145 1216 1310 1285 innotuit:
1326 1215 1380 1285 die

293 1325 449 1419 proximo
473 1321 602 1392 Tullius
630 1321 767 1418 quidam
794 1344 872 1391 eum
891 1323 1021 1390 Catone
1049 1321 1197 1416 quodam
1213 1324 1380 1394 Lusitano

293 1428 422 1525 legatus
444 1454 486 1498 ex
504 1429 634 1525 oppido
655 1428 699 1497 ad
720 1430 886 1497 Caesarem
911 1428 1025 1515 venit;
1047 1428 1148 1521 hujus
1172 1431 1282 1523 piima
1300 1454 1381 1523 pars

294 1538 455 1607 orationis
474 1536 554 1623 fuit3
575 1536 731 1632 Optare,
752 1558 836 1603 sum
853 1535 1125 1630 ponitsfin‘sset,
1151 1559 1257 1630 quam
1273 1539 1379 1605 Pom·

285 1649 364 1741 ped
383 1645 502 1730 mdes,
525 1666 694 1737 saamqtoe
708 1647 945 1712 constantiam
962 1644 999 1710 in
1018 1640 1119 1733 haqes
1129 1646 1252 1737 potatas
1260 1643 1381 1735 filici·

294 1766 388 1836 tate,
402 1774 507 1845 qnam
522 1755 558 1819 in
575 1750 666 1819 illan
680 1753 820 1817 miseria
826 1752 1068 1844 praestitisset:
1084 1748 1161 1818 finis
1172 1764 1284 1819 autem
1300 1750 1379 1839 fuit,

238 1846 240 1849 ⁵
293 1881 331 1926 se
350 1881 375 1925 a
391 1860 557 1952 Pompeio
578 1855 756 1943 desertos,
780 1860 893 1925 victos
912 1878 938 1923 a
958 1857 1118 1942 caesare,
1140 1880 1246 1951 seque
1261 1873 1301 1927 et
1320 1883 1378 1955 op·

285 1965 410 2060 pt'clum
430 1963 571 2049 dedere,
598 1978 705 2058 atque
719 1984 843 2048 orare,
859 1977 900 2029 ut
918 1963 1133 2031 elementiam
1153 1987 1261 2058 quam
1274 1967 1379 2046 vietis

289 2070 450 2167 gentt'bus
469 2068 682 2165 proebussset
693 2120 704 2154 ,
728 2073 801 2137 suas
828 2067 962 2138 civibus
986 2092 1058 2137 non
1083 2087 1238 2165 negaret.
1265 2070 1379 2140 Multa

293 2192 415 2273 preter
432 2176 505 2245 hec
523 2174 655 2246 locutus
668 2189 736 2263 est,
756 2199 831 2270 quae
843 2176 1046 2270 scriptorum
1064 2177 1148 2245 vitio
1166 2176 1311 2247 eonfasa
1323 2179 1379 2247 vix
1484 2198 1485 2205 ¹

291 2282 431 2377 intelligi
444 2283 588 2377 possint:
611 2306 716 2352 unum
736 2280 819 2350 illud
838 2281 1052 2376 intelligitur,
1073 2282 1181 2377 quod,
1196 2283 1315 2353 multis
1327 2284 1376 2353 ul·

292 2405 345 2459 tro
364 2392 516 2483 citroque
529 2388 643 2477 dictis,
663 2404 744 2458 tunc
765 2387 889 2458 deditio
909 2413 978 2457 non
997 2390 1168 2483 processit
1189 2392 1375 2462 Crescebat

224 2582 243 2599 f
292 2499 328 2567 in
349 2496 418 2567 dies
438 2495 583 2584 obsidio,
602 2521 664 2566 nee
686 2497 867 2592 Pompeius
893 2510 1102 2591 expectatam
1122 2514 1316 2592 opem-aut·
1329 2498 1376 2568 se·

292 2605 397 2692 rebat,
409 2619 467 2677 aut
475 2604 629 2674 mittebat
640 2603 795 2672 obsessis:
811 2604 992 2697 quinetiam
1004 2629 1066 2698 pro
1080 2605 1242 2675 concione
1253 2603 1375 2677 dixisse

293 2711 483 2799 ferebatur,
504 2726 564 2797 ut,
586 2716 751 2805 quomam
769 2716 818 2780 eis
839 2711 974 2780 matta
993 2711 1117 2780 adesse
1138 2735 1209 2781 non
1221 2731 1374 2808 posset,

291 2824 361 2916 {vsi
373 2835 479 2890 noctu
501 2834 539 2886 et
557 2816 722 2906 beneficae
745 2815 963 2887 terebrarum
982 2843 1002 2886 e
1023 2833 1210 2914 conspectu
1225 2819 1376 2890 bosniae

289 2925 491 3011 evaderem
500 2922 591 3018 quod
600 2948 704 3017 quum
714 2923 974 3013 dixissetunum
984 2949 1028 2993 ex
1037 2925 1222 2994 astantibus
1233 2951 1374 3022 respon·

290 3031 399 3119 disse3
416 3047 457 3100 nt
464 3054 600 3127 pugnae
609 3036 732 3126 pontes
751 3053 858 3126 quam
875 3031 979 3126 fitgae
991 3035 1127 3126 signum
1146 3031 1250 3102 daret
1255 3059 1272 3120 ,·
1284 3058 1374 3104 eum·

290 3163 355 3235 que
373 3139 430 3233 qui
449 3137 483 3206 id
501 3137 652 3223 dixisset,
667 3139 762 3230 quasi
778 3137 856 3207 duci
871 3138 1038 3230 ignaviam
1050 3139 1266 3232 exprobasset
1276 3192 1287 3228 ‚
1299 3141 1375 3210 neci

289 3245 421 3322 datum.¹
440 3247 521 3314 Haee
532 3268 665 3338 quoque
687 3269 740 3314 res
763 3268 804 3312 ex
821 3243 973 3339 prodigis
986 3246 1116 3338 agnita:
1133 3246 1223 3316 intus
1236 3271 1374 3342 quoque

289 3353 325 3422 in
343 3351 468 3448 oppido
490 3351 651 3446 angustiae
670 3343 730 3439 (ita
751 3373 887 3420 necesse
901 3345 966 3440 est)
982 3351 1196 3440 crescebant3
1215 3367 1373 3423 matrona

288 3483 428 3530 emuro
450 3455 604 3528 desiliens
622 3457 722 3542 dixit,
736 3482 771 3526 se
787 3480 866 3526 eum
888 3455 1008 3528 aneilla
1025 3483 1086 3528 sua
1099 3460 1374 3532 statuissetrans·
1482 3549 1486 3560 Ι

289 3565 430 3660 fugere3
457 3563 570 3651 illam,
599 3563 685 3632 fonte
715 3564 853 3656 cognito
875 3566 1072 3659 proposito,
1094 3563 1308 3660 jugulatam
1335 3591 1372 3636 se

174 3719 178 3724 -
289 3672 369 3766 linga
391 3672 554 3767 precipiti
573 3670 722 3738 evasisse.
743 3668 887 3738 Tabellas
904 3695 1036 3765 quoque
1047 3695 1076 3745 .e
1091 3674 1195 3741 muris
1212 3673 1372 3767 projectae

289 3792 369 3849 sunt
394 3779 558 3864 inventae,
585 3776 765 3870 inquibus
790 3777 838 3845 sie
858 3776 902 3846 ad
926 3777 1070 3849 litteram
1092 3779 1254 3874 seriptum
1279 3793 1370 3850 erat:

288 3887 327 3955 L
350 3885 483 3954 Mutata
506 3885 646 3954 Catari.
670 3883 712 3954 Si
740 3883 825 3952 nulii
845 3888 956 3954 eitam
984 3884 1127 3973 tribwt,
1148 3889 1316 3980 quom'am
1343 3909 1371 3956 a

290 3993 394 4064 Cnezb
415 3992 580 4085 Pompeio
597 4011 673 4058 sum
691 3987 847 4060 &sertin
857 4044 869 4078 ‚
891 3991 1029 4086 quatem
1052 4015 1106 4060 me
1131 3992 1184 4062 illi
1197 3997 1367 4088 proestiti,

287 4097 396 4172 tatem
415 4104 544 4170 ennete
560 4119 607 4170 ae
624 4096 995 4190 constanabfittwwn
1008 4122 1063 4172 me
1080 4102 1116 4172 in
1135 4099 1369 4196 teproestabo.
