3000 5025
304 505 379 594 462
593 513 634 579 C.
662 513 809 580 JULH
836 512 1081 581 CAESARIS

356 645 398 708 11.
414 629 630 720 Ᾰποθανόντος
651 635 702 725 θ’,
721 650 761 721 ὡς
779 634 840 718 ἤθη
864 645 986 738 ἕρῥεθη,
1001 656 1059 712 τοῦ
1077 630 1330 740 Ῐνθουκιομάρου,
1343 649 1367 714 οἱ

303 752 399 814 αὐτοῖν
408 757 558 842 συγγενεῖς
566 751 622 823 την
633 751 729 840 ἀρχὴν
740 741 972 844 διαδεξάμενοι,
983 753 1055 830 τοὺς
1067 752 1198 825 πλησίον
1208 755 1367 846 Γερμανοὺς

301 856 550 948 παρακαλοῦντές
564 881 616 939 τε,
627 856 679 923 καὶ
692 861 841 950 χρηματα
854 861 1103 950 ὑπισχνούμενοι,
1118 863 1175 926 οὐκ
1192 863 1365 928 ἐπαύσαντο.

300 947 380 1028 Επεὶ
389 953 424 1029 θὲ
434 964 563 1041 τούτους
574 962 1312 1060 οὐκέπειθον,πρὸςτοὺςπροσωτέρωέτράποντο,
1321 966 1366 1032 καὶ

300 1065 386 1146 τινὰς
397 1072 505 1139 ,αὐτῶν
523 1067 762 1153 ἀναπείσαντες,
777 1072 853 1161 πρὸς
871 1071 1026 1150 ἀλλήλους
1040 1073 1288 1165 ὡρκωμότησαν,
1303 1076 1369 1165 ὁμά-

299 1201 364 1268 ροις
382 1200 417 1242 τε
437 1177 489 1242 καὶ
503 1179 655 1268 χρήμασιν
679 1177 822 1251 α’λληλων
845 1180 1056 1260 ἐπιςώσαντο,
1071 1179 1125 1245 τόν
1149 1182 1179 1247 τ’
1193 1168 1367 1274 Ᾱμόιόρυγα

233 1368 235 1377 y
299 1284 462 1374 συμμαχόν
478 1308 528 1365 τε,
539 1283 592 1349 καὶ
603 1285 747 1376 σόνοραον
762 1294 845 1374 σρῶν
860 1287 1055 1359 ἐποιήσαντο.
1065 1287 1169 1352 Τοῦτο
1182 1277 1238 1353 δ’ὁ
1253 1289 1368 1378 Καῖσαρ

252 1423 254 1426 ’
300 1387 425 1479 μαθὼν,
449 1387 500 1456 καὶ
521 1388 670 1456 πάντοθεν
699 1390 753 1457 τὸν
776 1391 914 1483 πόλεμονἸ
939 1390 1007 1458 καθ’
1029 1395 1141 1458 ἑαυτοῦ
1165 1387 1371 1484 ἑτοιμάζεσθαι

299 1499 386 1587 ὁρῶν
406 1505 447 1589 τῇ
474 1497 526 1588 μὲν
552 1494 609 1591 γὰρ
634 1497 663 1562 οἵ
689 1523 723 1562 τε
750 1499 908 1589 Νεροόιοι,
927 1497 979 1563 καὶ
1004 1497 1032 1564 οἱ
1057 1487 1256 1585 Ᾰθόατικοὶ,
1275 1500 1326 1566 καὶ
1344 1500 1369 1566 οἱ

298 1600 472 1685 Μενάπιοι,
501 1601 583 1693 μετὰ
605 1609 667 1668 τῶν
693 1601 743 1670 ἐπὶ
766 1603 882 1695 θάτερα
904 1605 1066 1696 Γερμανῶν
1088 1603 1237 1689 πάντων,
1258 1607 1371 1674 ἔνοπλοι

278 1704 386 1780 ’ἦσαν
402 1716 442 1800 τῇ
467 1700 497 1773 θ’
516 1709 544 1775 οἱ
567 1710 686 1786 Σενόνες
715 1711 791 1802 πρὸς
819 1710 928 1793 αὐτὸν,
947 1707 1031 1776 κατὰ
1056 1713 1092 1778 τὸ
1118 1710 1242 1791 ἐκείνοις
1261 1739 1371 1806 παραγ·

298 1813 422 1907 γελθὲν,
437 1818 492 1882 οὐκ
510 1816 621 1908 ᾔεσαν,
637 1813 717 1882 ἀλλὰ
737 1815 818 1908 μετὰ
838 1825 901 1884 τῶν
915 1818 1117 1908 Καρνοότων,
1132 1818 1184 1885 καὶ
1198 1828 1260 1886 τῶν
1275 1816 1368 1884 ἀλλων

298 1920 426 1992 πλησίον
446 1922 583 2005 πόλεων,
598 1921 666 2014 περὶ
686 1933 742 1990 τοῦ
766 1923 902 2016 πολέμου
928 1918 1136 1990 ἐόουλεόοντο·
1157 1935 1199 2018 τῇ
1221 1917 1258 1991 θὲ
1275 1925 1325 1991 καὶ
1345 1925 1369 1991 οἱ

298 2030 437 2120 Τρευῖροι
450 2028 521 2104 τοὺς
531 2029 703 2120 Γερμανοὺς
715 2035 961 2120 παρειιαλοῖντο·Ι
973 2019 1028 2095 θεὰ
1040 2040 1143 2097 ταῦτα
1156 2031 1210 2122 μὲν
1225 2028 1276 2098 οὖν
1286 2032 1370 2123 ταχί-

297 2158 401 2226 τερον,
417 2133 436 2208 ἢ
461 2145 508 2221 τῷ
525 2133 653 2227 πρόσθεν
672 2136 750 2219 ἔτει,
765 2134 834 2228 περὶ
851 2145 908 2202 τοῦ
920 2137 1058 2228 πολέμου
1072 2131 1270 2213 όουλεόεσθαι
1288 2139 1368 2231 ἔγνω.

350 2243 410 2306 ΙΙΙ.
425 2239 488 2306 Καὶ
503 2242 589 2307 οὕτω
607 2231 669 2314 ἤθη
687 2243 949 2320 τετελευτηκότος
965 2253 1027 2311 τοῦ
1047 2254 1212 2336 χειμῶνος,
1233 2241 1277 2311 τὰ
1295 2250 1368 2316 πλη·

297 2349 439 2440 σιώτερον
454 2351 567 2413 ἑαυτοῦ
585 2339 774 2439 χειμάζοντα
793 2350 934 2442 τέτταρα
953 2347 1105 2444 τάγματα
1120 2360 1184 2417 τῶν
1205 2343 1368 2442 χειμαθίων

296 2446 471 2547 ἐξαγαγὼν,
485 2455 655 2548 ταχύτερον
674 2465 731 2533 τῆς
751 2455 877 2523 πάντων
894 2446 990 2534 θόξης
1004 2455 1044 2534 εἰς
1065 2459 1202 2532 τὴντῶν
1220 2454 1369 2552 Νερουῖων

295 2554 428 2627 ε’νέόαλε·
442 2560 496 2627 καὶ
510 2559 597 2654 πρὶν,
611 2559 630 2635 ἢ
647 2561 793 2639 αὐτοὺςό]
810 2564 955 2646 συνιέναι,
969 2561 988 2637 ἢ
1003 2562 1055 2629 καὶ
1069 2571 1172 2659 ρυγεῖν
1188 2556 1369 2649 δυνηθῆναι,

295 2664 398 2734 πολλὰ
417 2666 580 2761 θρίμματά
600 2694 652 2750 τε,
670 2669 723 2735 καὶ
741 2670 875 2746 πολλοὺς
893 2669 1070 2760 ἀνθρώπους
1087 2666 1302 2756 ααταλαόὼν,
1323 2672 1371 2738 καὶ

296 2774 351 2846 τὴν
369 2772 452 2839 λείαν
470 2776 588 2847 ταύτην
605 2782 670 2852 τοῖς
685 2779 876 2867 ςρατιώταις
896 2778 1113 2870 συγχωρήσας,
1128 2779 1202 2855 τοός
1215 2780 1247 2843 τ’
1262 2778 1370 2872 ἀγροὺς

295 2872 454 2963 θηῖώσας,
475 2888 661 2974 προσχωρεῖν
687 2881 715 2947 θ’
739 2886 843 2969 αὑτῷ,
862 2890 915 2949 καὶ
941 2886 1074 2976 ὁμόρους
1093 2874 1216 2951 θιθόναι
1245 2884 1371 2963 ἐκείνους

294 2985 458 3081 ἠνάγκασε.
474 2990 586 3055 Ταῦτα
600 2979 631 3054 θ’
646 2990 728 3054 οὕτω
743 2988 1027 3082 κατεργασάμενος,
1042 2988 1087 3055 τὰ
1101 2990 1269 3084 τάγματα,
1280 2992 1369 3059 παλιν

295 3092 335 3171 εἰς
357 3092 399 3159 τὰ
421 3085 569 3186 χειμάθια
593 3095 746 3189 ἀπάγαγε·
777 3094 828 3160 καὶ
851 3094 959 3173 πάσης
977 3106 1033 3173 τῆς
1057 3096 1213 3174 Γαλατίας
1244 3089 1369 3165 ούνοθον

293 3199 335 3277 εἰς
353 3201 390 3268 τὸ
410 3201 461 3293 ἔαρ
476 3196 534 3283 (ὡς
553 3191 683 3285 θιενόει)
702 3203 873 3294 προειπὼν,
887 3206 985 3269 πεῖσαι
1000 3202 1035 3267 αἱ
1049 3198 1142 3269 ἀλλαι
1155 3204 1279 3288 πολεις,
1290 3207 1369 3277 πλὴν

295 3316 356 3372 τῶν
371 3308 501 3373 Σενόνων
516 3308 619 3400 μόνον,
632 3308 684 3373 καὶ
696 3316 759 3374 τῶν
771 3305 922 3400 Τρευίρων
937 3311 968 3375 ἐν
981 3310 1084 3401 ταύτῃ
1095 3309 1256 3383 συνῆλθον.
1268 3313 1368 3377 Τοῦτο

295 3413 357 3505 μὲν
371 3411 422 3480 οὖν
442 3414 538 3507 ἀρχὴν
561 3414 698 3505 πολέμου
719 3410 812 3497 εἶναι,
832 3414 885 3480 καὶ
908 3415 1090 3493 άποςάοεως
1111 3422 1129 3483 ό
1151 3419 1275 3509 Καῖσαρ
1299 3442 1369 3483 τετι-

294 3521 490 3613 μαιρόμενος,
504 3520 608 3587 πάντα
624 3512 659 3585 θὲ
677 3511 731 3587 θιά
748 3528 861 3587 τοῦτον
882 3516 985 3587 τᾶλλα
1003 3522 1197 3616 πράγματα,
1214 3525 1269 3591 τὸν
1283 3524 1370 3591 πόλι·

293 3651 350 3719 μου
372 3624 586 3721 παραλείπειν,
606 3620 809 3718 θουλόμενος,
823 3625 863 3704 εἰς
884 3628 938 3719 μὲν
953 3630 1010 3703 τὴν
1028 3637 1092 3695 τῶν
1107 3629 1264 3723 Παρισίων
1279 3632 1368 3698 πόλιν

294 3734 461 3801 Λευκετίαν
477 3728 672 3826 (πρόσχωροι
698 3723 728 3798 θ’
755 3730 833 3807 ἦσαν
859 3741 924 3811 τοῖς
952 3735 1073 3801 Σενόσιν
1103 3733 1209 3820 οὗτοι,
1234 3736 1287 3803 καὶ
1312 3734 1369 3814 τάς

293 3848 376 3930 σρῶν
405 3841 509 3917 πῶνεις
536 3838 585 3907 ἐπὶ
614 3848 675 3905 τῶν
701 3842 843 3932 πατέρων
870 3846 957 3932 ημῶν
982 3839 1131 3931 συνῆψαν·
1156 3852 1214 3920 τῆς
1241 3869 1279 3910 τε
1308 3851 1367 3911 τῶν

293 3948 426 4015 Σενόνων
453 3950 564 4031 βουλῆς
586 3950 668 4039 όμως
691 3948 766 4013 τότε
795 3950 830 4014 οὐ
853 3956 1017 4039 μετασχεῖν
1039 3941 1201 4044 ἐλέγοντο)
1215 3953 1272 4023 τὴν
1298 3952 1366 4016 σόν-

292 4044 365 4120 οθον
399 4056 554 4148 μετήγαγε
584 4056 713 4127 ταύτην.
740 4056 812 4119 Τῶν
833 4044 870 4120 θὲ
898 4055 1029 4122 Σενόνων
1056 4056 1188 4123 ἐνταῦθα
1213 4056 1363 4149 πολεμίων

294 4160 429 4228 ἀπὸτοῦ
448 4155 588 4252 όόματος
608 4157 838 4251 ψηφισθέντων,
859 4163 889 4227 ἐν
911 4163 1015 4255 ταύτῃ
1034 4167 1051 4229 ὁ
1073 4163 1195 4256 Καῖσαρ
1207 4173 1250 4256 τῇ
1270 4164 1363 4255 ἡμέρᾳ
