3000 5025
267 499 341 574 516
565 504 602 571 C.
631 502 776 570 JULII
806 501 1040 572 CIESARIS

265 635 460 704 ποίντοθεν”
438 660 503 725 αμα
522 645 578 711 τῆς
599 635 715 712 πόλεως
734 637 774 700 Γε
777 629 900 728 ργοόίας
926 647 1079 730 κραυγῆς,
1099 635 1128 702 οἱ
1145 637 1199 727 μέν
1219 637 1277 725 wop

265 746 343 835 τέρω
368 743 468 824 όντες,
489 750 535 827 τῷ
558 734 698 831 ἐξαίφνης
718 737 836 834 θορόόῳ
857 735 1091 831 ἐκφοόηθίντες,
1113 744 1185 820 τοός
1210 767 1260 808 τε
1258 638 1337 806 θοι·

266 849 372 942 μαίους
390 848 477 925 ἐντὸς
495 805 556 922 ἤθη
576 856 632 914 τοῦ
647 847 767 937 τείχους
786 844 860 915 εἶναι
876 834 1070 940 νομίζοντες,
1082 849 1243 925 ἐαυτοὺς’
1230 872 1266 913 εκ
1283 855 1340 921 τῆς

265 956 431 1032 πόλεωςέ
404 981 466 1047 ειρρ
442 951 538 1043 ι·ψαν
564 980 595 1020 αι
586 945 649 1020 ’δέ
669 959 807 1048 γυναῖκες
829 953 957 1033 ἐσθῆτάς
982 980 1017 1020 τε
1039 954 1091 1021 καὶ
1113 952 1255 1048 όιργόριον
1274 958 1337 1028 τοῖς

265 1047 442 1193 Ρωμαίοις’
431 1085 464 1127 εκ
482 1070 537 1127 τοῦ
559 1058 678 1151 τείχους
700 1055 888 1145 θάλλουσαι,
901 1069 1007 1190 γυμνῷ
1024 1087 1060 1127 τε
1078 1072 1124 1148 τῷ
1149 1060 1237 1138 ςόθει
1264 1084 1339 1152 προ-

263 1168 439 1261 νευόμεναι,
456 1165 512 1244 τοίς
530 1191 565 1233 τε
587 1173 739 1258 χεῖραςρ
706 1193 721 1232 ο
712 1168 882 1262 ’ρέγουσαι,
898 1168 970 1245 τοὺς
983 1153 1143 1259 Ρωμαίους
1166 1174 1251 1257 σφῶν
1274 1164 1339 1254 φεί-

267 1267 393 1341 δεσθαι“
386 1275 534 1356 ικέτευον,
549 1276 593 1365 μό
610 1297 660 1355 τε,
667 1268 843 1402 καθόπερ’
830 1298 860 1338 εν
877 1282 917 1365 τῇ
936 1263 1115 1366 Ᾱόαρίκῳ’
1102 1275 1341 1353 επεποιιόκεσαν,

264 1381 321 1459 τοὶς
341 1407 375 1448 τε
395 1385 559 1474 γυναῖκας,
583 1379 692 1456 αὐτούς
710 1405 746 1445 τε
764 1380 837 1456 τοὺς
855 1344 1008 1457 παέθας’
990 1378 1189 1447 αποκτείνειν·
1209 1380 1286 1445 ἔνιαι
1303 1368 1341 1444 δὲ

264 1488 316 1556 καὶ
339 1484 450 1563 ἑαυτὰς
469 1491 533 1562 τοῖς
555 1487 764 1586 ςρατιώταις,
782 1488 817 1552 ἐκ
838 1511 893 1552 του
913 1486 1033 1577 τείχους
1053 1484 1231 1579 καθιέμεναι
1244 1484 1343 1574 παρέ·
1397 1541 1401 1546 ,

265 1586 370 1660 θοσαν.
389 1578 417 1659 ί)
437 1582 473 1656 II
494 1592 622 1668 Λούκιος
643 1586 774 1674 Φοίόιος,
793 1602 849 1660 τοῦ
866 1583 1039 1685 όγθόου
996 1619 1157 1720 ταγμοιτος
1173 1584 1343 1683 ταξίαρχος

265 1701 373 1767 ἑαυτὸν
387 1700 445 1766 ὑπὸ
462 1705 543 1780 τῶν,
558 1695 597 1763 ὧν
617 1700 646 1763 ἐν
663 1707 704 1790 τῇ
723 1688 871 1791 Ᾱόαρίκιρ
890 1701 1029 1789 ἐσχόκει,
1046 1726 1068 1765 α
1055 1696 1145 1765 θλων
1160 1697 1342 1777 πεισθέντα,

263 1808 411 1898 πρότερον
430 1805 574 1887 πάντων,
595 1803 620 1868 εἰ
638 1794 784 1888 θόναιτο,
802 1815 858 1872 τοῦ
878 1803 998 1896 τείχους
1017 1799 1214 1879 ἐπιθήσεσθαι
1231 1802 1343 1884 εἰπὼν,

263 1915 337 1986 τότε
362 1912 515 2005 λοχαγοὺς
539 1915 649 1977 ἑαυτοῦ
674 1917 755 2003 τρεῖς
776 1912 888 2003 εὑρὼν,
908 1912 967 1978 ὑπὸ
994 1915 1113 1978 τούτων
1142 1907 1258 2004 ἀρθεὶς,
1283 1917 1343 1976 τοῦ

263 2019 382 2110 τείχους
401 2012 506 2091 ἐπόθη·
531 2018 639 2084 ἔπειτα
661 2008 697 2083 θὲ
720 2016 772 2084 καὶ
797 2015 944 2100 ἐκείνους,
965 2017 1033 2084 καθ’
1059 2021 1113 2084 ἐνα
1135 2017 1342 2111 ἀνιμώμινος,

264 2132 304 2210 εἰς
321 2127 358 2192 τὸ
377 2130 478 2214 τεῖχος
493 2123 664 2252 ἀνήνεγκεν.
1115 2169 1123 2185 .

311 2231 473 2299 XLVIII.
488 2213 531 2294 Ἐν
552 2231 655 2314 τούτῳ
674 2221 757 2296 δὲ’
728 2255 759 2296 οι
768 2231 854 2322 πρὸς
871 2231 909 2298 τὸ
930 2227 1006 2298 αλλο
1030 2241 1087 2308 τῆς
1099 2231 1217 2310 πόλεως
1233 2231 1342 2322 μέρος,

264 2343 302 2414 ὡς
328 2363 380 2403 και
369 2327 463 2410 ἤδη
490 2325 724 2464 θεθθῑλωταῑω
700 2337 776 2426 πρὸς
798 2337 835 2404 τὸ
851 2337 904 2404 τὸν
929 2338 1025 2404 τόπον
1051 2340 1208 2430 κρατύνειν
1233 2341 1342 2401 συνελ·

263 2441 421 2525 θόντες,π
398 2451 519 2534 πρῶτον
536 2441 589 2533 μὲν
604 2451 659 2521 τῆς
680 2442 798 2519 πόλεως
822 2453 955 2551 κραυγῆς
978 2436 1250 2529 ἐξακοόσαντες,”
1232 2467 1341 2509 επειτα

264 2542 299 2617 δέ
321 2548 373 2616 καὶ
393 2555 521 2625 πολλαῖς
540 2546 736 2643 ἀγγελίαις,·“
726 2549 787 2615 υπὸ
811 2557 873 2615 τῶν
891 2536 1040 2642 Ρωμαίων
1064 2576 1122 2625 την
1139 2551 1269 2619 πόλιν
1251 2574 1341 2640 εχεσ-

264 2655 313 2723 θαι
323 2654 553 2749 ,ἐποτρυνθέντ
555 2680 601 2738 ες,
617 2657 674 2728 τὴν
700 2655 754 2747 μὲν
774 2680 866 2723 ιππον
884 2654 1189 2749 προπέμψαντες,’
1157 2648 1340 2747 αυτοὶθρο

265 2769 349 2855 μαῖοι
369 2764 432 2829 ἐκεῖ
450 2766 604 2854 ὥρμησαν·
623 2761 675 2828 καὶ
693 2767 733 2838 ὡς
752 2762 863 2840 ἕκαςος
879 2762 1028 2856 πρότερος
1043 2764 1149 2854 ἔτυχεν
1164 2763 1274 2842 ἐλθὼν,
1285 2682 1341 2827 ἐν·

265 2870 363 2937 ταῢθα
387 2869 561 2960 κατεμεινε,
581 2868 634 2934 τον
651 2868 699 2960 ἀρι
701 2866 776 2959 θμὸν
795 2875 858 2934 τῶν
888 2871 1067 2994 μαχομένων
1095 2869 1222 2937 Γαλλων
1244 2863 1340 2946 ηὔξει

265 2981 387 3042 πολλῶν
413 2966 447 3039 δὲ
473 2965 512 3047 δὴ
540 2965 601 3046 ἤδη
630 2972 754 3039 συνελθ’
736 2998 850 3057 οντων,
871 2975 902 3041 αἱ
929 2981 1085 3106 γρναῒκες,
1107 2978 1255 3069 πρότερον
1281 2972 1341 3053 τὰς

265 3089 367 3211 χεῖρας
385 3087 450 3158 τοῖς
468 3065 646 3171 Ῥωμαίος
632 3081 808 3173 ορέγουσαι,
821 3080 895 3147 τότε
911 3082 983 3158 τοὺς
997 3080 1134 3160 Γαλλσυς
1148 3109 1257 3175 μοιχομ
1258 3084 1342 3158 ἐνους

267 3194 394 3279 ὁρῶσαι,
404 3177 507 3252 ἀνθ
465 3212 557 3279 ρειους
575 3185 742 3279 γενέσθαι
730 3185 858 3263 εκείνους
871 3186 1073 3280 παρεκαλουν·
1087 3188 1154 3271 καὶ,
1169 3196 1209 3266 ὡς
1224 3189 1341 3281 τρόπος

268 3297 395 3377 αὐταῖς,
413 3213 478 3367 τόνρ
487 3318 522 3359 τε
542 3302 623 3383 σφῶν
646 3292 743 3384 κόμην
770 3292 941 3377 ἀνέτεινον,
958 3292 1011 3361 καὶ
1030 3292 1073 3365 τὰ
1099 3286 1212 3362 παιδία
1237 3298 1342 3373 αὐτοῖς

265 3394 507 3493 προύθάλλοντο*
540 3406 605 3475 τοῖς
630 3389 666 3465 I&
692 3384 863 3490 Ῥωμαίοις,
887 3399 969 3466 κατοί
998 3426 1032 3467 τε
1060 3401 1114 3468 τὸν
1146 3402 1263 3485 τόπον,
1288 3400 1342 3467 καὶ

266 3498 384 3599 ἀνδρῶν
403 3505 546 3599 ἀριθμὸν,
566 3504 651 3577 οἱνίση
675 3500 710 3576 ἦν
739 3510 758 3578 ἡ
788 3503 885 3595 μόχη·
915 3498 1021 3598 δρόμῳ
1041 3507 1094 3598 μέν
1121 3505 1197 3601 γὰρ,
1222 3509 1274 3575 καὶ
1299 3518 1342 3601 τῇ

266 3610 475 3705 μακροχρονίῳ
491 3610 578 3741 μάχῃ
602 3611 818 3702 ἀπειρηκότες,
837 3615 871 3678 οὐ
891 3604 1005 3703 ῥᾳδίως
1024 3604 1170 3706 ἀνδράσιν
1189 3612 1341 3707 ἀκεραίοις

265 3710 445 3785 ἐθόναντο’
427 3719 574 3808 αντέχειν.

318 3826 444 3894 XLIX.
461 3808 615 3915 Ομέν
584 3830 633 3888 οὐν
648 3824 790 3916 Καῖσαρ,
809 3824 881 3902 τοὺς
903 3803 956 3916 μὲν
979 3830 1131 3903 ἐαυτοῢς·
1110 3831 1289 3918 ςρατιόιτοις
1308 3828 1339 3891 ἐν

268 3924 425 4021 δυσχωρία
446 3921 774 4021 μόχεοθαι,τονθ
754 3926 879 4023 ἀριθμὸν
906 3939 967 3997 τῶν
989 3931 1186 4025 πολεμίων’
1167 3932 1215 4000 αεὶ
1233 3926 1338 4009 αὐξά-

266 4036 414 4103 νεσθαι’
400 4044 496 4129 ορῶν,
527 4034 595 4128 περὶ
634 4043 697 4113 τοῖς
733 4040 844 4101 ἐαυτοῦ
878 4027 1013 4118 θεθιὼς,
1042 4040 1117 4130 πρὸς
1154 4040 1207 4132 μὲν
1243 4038 1337 4105 Τίτον

267 4136 409 4226 Σέξτιον,
424 4142 457 4211 ὂν
480 4141 529 4209 ἐπὶ
547 4151 594 4227 τῷ
613 4134 801 4235 ςρατοπέθῳ
823 4144 1054 4228 καταλελοίπει,
1075 4146 1224 4240 ἀγγέλους
1249 4148 1339 4236 ἐπόμ-
