3000 5025
251 506 562 575 ιντσιινιιωσ
591 506 833 575 σιιωσυε.
862 510 963 576 σιν.
991 510 1039 576 11.
1098 491 1174 605 379

107 637 243 719 σθέντες,
257 638 310 727 ἀρ’
327 642 412 729 ήμῶν
435 640 466 703 τ’
480 638 672 729 ἀρεςήιιισαν
688 690 698 723 ,
715 639 769 707 καὶ
788 646 853 719 τοῖς
870 626 1023 733 Ῥωμαίοις
1041 643 1177 734 πόλεμον

13 742 14 745 '
107 747 243 839 ήνεγιιαν.
259 742 300 811 Οἱ
321 735 359 813 δι”
376 746 491 813 τούτου
510 743 603 813 αἴτιοι
618 746 792 839 γινόμενοι,
806 748 905 820 πύστιν
920 757 959 841 τῇ
975 748 1063 815 πολει
1076 757 1179 841 περιή·

109 848 168 939 ψαν
177 851 300 945 γνόντες
314 842 479 942 δυςυχέαν,
491 851 531 930 ιίς
551 854 607 926 τήν
618 853 807 946 Βρηταννίαν
819 854 1001 947 κατέρυγον·
1016 852 1097 921 ἀλλὰ
1106 864 1179 937 σοῦ,

108 960 248 1048 Καῖσαρ,
263 960 297 1025 ού
324 958 415 1049 μόνον
438 957 528 1027 αὐτοὶ
548 959 577 1025 οἱ
593 954 802 1043 Βιλλύύοινιοι,
825 959 907 1028 ἀλλὰ
930 959 984 1027 καὶ
999 962 1028 1027 οἱ
1052 947 1180 1038 Εδουεῖς

110 1055 248 1146 δέονται,
262 1072 303 1157 τῇ
317 1075 453 1147 σαυτοῦ,
469 1064 508 1143 εἰς
523 1068 650 1149 αὐτοὺς,
665 1066 876 1161 φιλανθρωπίᾳ
891 1092 926 1134 τε
944 1074 997 1134 καὶ
1013 1066 1182 1159 πραότητι,

110 1169 248 1264 χρῆσθαι.
265 1169 303 1235 Εἰ
318 1162 353 1239 δὲ
369 1181 473 1239 ταῦτα
485 1178 599 1255 ποιεῖς,
612 1170 644 1240 σύ
657 1172 733 1256 ἴσθι,
748 1178 798 1241 ὅτι
816 1176 873 1247 τήν
893 1182 954 1239 τῶν
968 1160 1111 1239 Εδουέων
1127 1156 1184 1239 δύ-

13 1308 15 1311 ·
110 1302 197 1370 ναμιν
212 1276 299 1369 παρὰ
310 1282 387 1347 πᾶσι
400 1285 463 1355 τοῖς
480 1276 673 1372 Βέλγαις,ὧν
690 1274 814 1372 ύοηθείρι
831 1279 930 1348 τεκαὶ
944 1287 1008 1358 τοῖς
1022 1283 1186 1373 χρήμασιν,

112 1382 146 1459 ἢν
173 1382 253 1453 ποτὲ
279 1384 412 1475 πόλεμος
439 1387 585 1478 γένηται,
607 1390 780 1460 ιἰποτλῆναι
805 1386 967 1479 ιίιύθαμιν,
988 1381 1138 1464 αὐξήσεις.

163 1492 243 1559 XV.
252 1474 280 1566 0
289 1480 324 1555 δὲ
332 1492 467 1582 Καῖσαρ,
476 1478 533 1567 τῆς
548 1491 601 1583 μὲν
609 1485 801 1576 Διύιτιακού,
809 1493 860 1560 καὶ
870 1503 932 1567 τῶν
945 1478 1087 1559 Εδουέων
1096 1502 1187 1585 τιμῆς

114 1600 216 1679 ἕνεκα,
231 1598 362 1673 τούτους
380 1598 409 1663 ἐν
428 1608 468 1691 τῇ
493 1602 590 1665 αὑτοῦ
610 1596 695 1675 τίς-ει
712 1624 748 1663 τε
760 1595 928 1688 λήψεσθαι,
943 1599 995 1667 καὶ
1008 1601 1056 1665 ἔτι
1075 1590 1190 1688 διαρο-

112 1696 231 1786 λάξειν,
246 1703 314 1793 ἔφη·
330 1706 380 1771 ὅτι
399 1694 434 1773 δὲ
453 1707 532 1777 αὕτη
552 1704 620 1779 τὲή
639 1704 728 1783 πόλις
742 1701 778 1778 ἦν
794 1706 904 1801 μιγίςη
919 1704 972 1771 καὶ
990 1707 1019 1770 ἐν
1034 1711 1098 1782 τοῖς
1112 1706 1191 1770 Βέλ·

115 1835 181 1905 γανς
197 1800 326 1901 δυνάμει
349 1834 385 1879 τε
407 1808 458 1876 καὶ
482 1802 600 1903 ἀνδρῶν
618 1811 727 1885 πλήθει
744 1804 1002 1905 εύδσιιιμωτάτη,
1017 1805 1190 1889 ἑξακοσίους

116 1918 188 2009 παρ’
204 1918 306 1983 αὐτῶν
321 1918 453 2008 ὁμήρους
465 1917 572 2011 ᾔτησε.
588 1920 726 1996 Τούτους
739 1910 777 1985 δὲ
789 1914 910 2010 λαύὼν,
924 1913 977 1985 καὶ
989 1918 1114 1984 πάντων
1129 1924 1192 1983 τῶν

116 2034 172 2099 τῆς
190 2022 310 2099 πόλεως
328 2026 430 2091 ὅπλων
455 2028 541 2110 αὐτῷ
565 2015 820 2117 παραδοθέντων,
834 2022 968 2092 ἐντεῦθεν
997 2024 1037 2101 εἰς
1058 2026 1194 2096 τὴντῶν

119 2118 285 2221 Ᾱμύιανῶν
309 2130 410 2221 χώραν
429 2131 628 2225 παρεγένετο.
644 2129 708 2197 Καὶ
728 2130 814 2199 οὗτοι
832 2134 887 2225 μὲν
910 2133 1022 2208 αύτούς
1045 2155 1080 2195 τε
1095 2135 1195 2220 σράς,

119 2234 170 2307 καὶ
183 2232 345 2307 πάντατὰ
359 2244 442 2325 σρῶν
459 2239 578 2329 ταχέως
597 2243 661 2315 τοῖς
681 2223 836 2330 Ῥωμαίοις
851 2240 1101 2331 προσεγώρησαν.
1115 2238 1197 2333 Τού-

121 2366 181 2408 των
199 2332 230 2407 δ’
244 2344 351 2434 ὅμοροι
368 2338 444 2414 ἦσαν
459 2344 487 2410 οἱ
504 2346 659 2437 Νερούϊοι,
675 2342 715 2411 ὧν
734 2348 791 2419 τήν
808 2370 845 2412 τι
859 2346 947 2435 φύσιν
961 2343 1013 2410 καὶ
1030 2345 1102 2421 τοὺς
1123 2342 1198 2433 τρύ.

121 2474 216 2532 τους,
235 2457 293 2518 τοῦ
318 2447 473 2543 Καίσαρος
494 2447 660 2543 πειρατῶν
683 2438 850 2544 Ᾰμύιανῶν
872 2444 1089 2533 ἐξετάζοντας,
1109 2447 1199 2516 αὐτοὶ

121 2557 237 2650 ἔλεγον·
253 2562 377 2648 πρῶτον
397 2553 452 2648 μὶν
472 2559 544 2642 τοὺς
557 2553 721 2648 Νερουέυυς
740 2549 866 2634 οὐδένας
884 2560 958 2649 παρ’
973 2562 1092 2634 ἑαυτοῖς
1108 2555 1200 2648 ἐμπό·

125 2688 193 2754 ρους
215 2653 378 2754 δέχεσθαι,
403 2653 484 2753 μηδὲ
512 2659 613 2745 οἶνον,
631 2661 683 2728 καὶ
706 2659 787 2730 άλλα
813 2673 946 2740 τοιαῦτα
969 2661 1105 2728 ἀσωτίαν
1135 2669 1201 2737 τοῖς

125 2767 295 2860 ἀνθρώποις
315 2771 521 2862 ἐμποιοῦντα,
534 2767 712 2860 ἀνέχεσθαι,
726 2762 906 2861 νομίζοντας
924 2767 1114 2836 τὰτοιαῦτα
1129 2770 1202 2844 τοὺς

126 2875 303 2968 ἀνθρώπους
328 2875 517 2958 έιιθηλύνιιν,
536 2873 589 2942 καὶ
609 2875 720 2953 αὐτοὶις
741 2877 802 2943 ὑπὸ
823 2877 944 2942 τούτων
967 2873 1000 2940 τὶ
1017 2883 1073 2952 τῆς
1093 2874 1203 2966 ἀρετῆς

107 3073 110 3079 ¹
129 2981 272 3074 μτθνέναι·
287 2982 397 3058 αὐτοὺς
413 2973 442 3052 δ’
458 2973 517 3050 άνδ
520 3007 572 3075 ρας
587 2976 662 3048 εἶναι
675 2981 887 3076 ἀγριωτάτους
901 3007 936 3048 τε
955 2980 1007 3048 καὶ
1019 2979 1204 3075 κρατέςους,

129 3089 181 3158 καὶ
196 3087 353 3156 αἰτιᾶσθαι
367 3090 439 3166 τοὺς
453 3085 564 3166 ἀλλους
578 3089 697 3182 Βέλγας
711 3091 762 3155 ὅτι
774 3115 811 3155 τε
825 3097 890 3168 τοῖς
904 3073 1057 3181 Ῥωμαίοις
1071 3111 1205 3179 προσκε·
1283 3121 1287 3126 ·

130 3196 329 3287 χωρήιιισαν,
343 3183 395 3262 καὶ
410 3197 466 3269 τήν
482 3203 543 3262 τῶν
565 3195 721 3288 προγόνων
743 3196 855 3288 ἀρετήν
873 3192 1023 3287 μεθίεσαν·
1036 3194 1134 3288 λέγειν
1153 3183 1206 3274 δὲ,

132 3302 205 3370 ούτι
229 3301 283 3392 μὲν
310 3308 376 3380 τοῖς
393 3286 546 3393 Ῥωμαίοις
565 3296 705 3394 πρέσύσις
730 3292 880 3394 πέμψειν,
899 3300 970 3370 ούτε
994 3327 1029 3395 γε
1052 3284 1207 3392 μηδεμίαν

134 3409 208 3500 παρ’
222 3409 323 3474 αὐτῶν
338 3407 453 3494 εἰρήνης
469 3402 620 3500 σύμύασιν
636 3401 786 3486 δέξεσθαι.

188 3515 284 3584 XVI.
308 3516 360 3601 Τῷ
381 3505 416 3580 δὲ
430 3514 566 3608 Καίσαρι
586 3505 639 3581 διὰ
655 3526 712 3594 τῆς
730 3517 849 3582 τούτων
864 3510 965 3606 χύρας
980 3521 1072 3604 τριῶν
1090 3519 1210 3604 ήμερῶν

136 3612 209 3690 ὁδὸν
228 3619 437 3703 ἀνύσαντι,σὶ
456 3622 651 3688 κατάσκοποι
671 3622 872 3715 ἀπήγγειλαν·
887 3621 942 3687 τὸν
964 3619 1018 3713 μὲν
1037 3612 1132 3687 Σάύιν
1151 3644 1211 3684 πο-

137 3727 240 3818 ταμὸν
260 3727 294 3792 ού
313 3732 416 3794 πλεῖον
438 3725 493 3794 ἀπ’
507 3732 603 3794 αὐτοῦ
618 3719 814 3822 ὀγδοήκοντα
831 3718 949 3804 ςαδίων
967 3726 1104 3816 ἀπέχειν·
1118 3724 1212 3816 πέραν

140 3825 176 3902 δὲ
200 3832 316 3900 τούτου
339 3829 460 3912 πάντας
480 3835 552 3912 τοὺς
573 3829 735 3927 Νερουύους
756 3824 1078 3928 ςρσιτοπεδιύσασθαι,
1093 3831 1144 3897 καὶ
1165 3833 1213 3894 ἐν-

140 3937 244 4008 ταῦθα
261 3936 342 4030 μετὰ
362 3947 426 4008 τῖον
446 3929 636 4033 Ᾰτρεύάτων
656 3967 710 4024 τε,
724 3940 781 4008 λαὶ
797 3934 860 4008 τῶν
880 3930 1137 4032 Βιρσμανδουῶν,
1151 3945 1213 4002 τῶν

142 4046 356 4138 προσχώρων,
379 4047 452 4124 τοὺς
475 4031 637 4140 Ῥωμαίους
666 4043 834 4140 ἀναμένειν·
863 4047 1046 4139 ἀμφοτέροις
1075 4045 1129 4137 μὲν
1157 4042 1216 4138 γὰρ

145 4155 285 4234 τούτοις,
299 4161 356 4230 τῆς
370 4157 467 4231 αὐτῆς
487 4153 571 4245 σρίσι
590 4155 726 4248 πολέμου
746 4157 843 4249 τύχης
856 4153 1031 4246 πειρᾶσθαι,
1046 4154 1217 4220 ἀνιπεισαν.
