3000 5025
277 413 327 492 bo
489 421 517 489 J.
547 405 1128 489 CEle'COMMENTAnll

277 555 403 641 vitute,
422 575 521 647 poena
549 552 645 621 bonis
673 552 791 620 animis
816 543 990 645 graviore,
1010 546 1173 616 multavit.
1197 545 1252 614 Sic
1277 539 1361 615 cuni

280 652 417 729 Venetis
440 657 658 745 debellatum,
681 681 747 752 qua
767 659 929 745 victoria,
947 681 1017 725 non
1040 657 1102 750 ipsi
1122 650 1363 723 tantummodo*

280 754 430 854 subacti,
453 764 511 834 sed
532 766 698 834 maritima
720 789 779 833 ora
805 766 913 833 omnis
929 764 978 832 'ab
1005 762 1200 856 obsequium
1223 758 1373 829 redacta,

280 876 360 941 erat.
380 875 469 941 Eece
491 886 603 941 autem
625 870 689 940 alia
710 896 752 941 ex
772 868 842 941 aliis
865 869 952 939 bella
975 882 1191 963 consurgunt.
1211 868 1361 935 Titurius

281 978 441 1067 Sabinus,
452 980 547 1073 jussu
565 982 725 1066 Caesaris,
744 977 944 1047 Unellorum
962 976 1046 1045 fines
1065 976 1255 1061 introierat,
1269 971 1362 1067 apud

280 1088 365 1179 quos
379 1100 460 1154 tuno
478 1110 615 1155 summae
629 1109 743 1155 rerum
757 1100 899 1180 praeerat
912 1084 1096 1154 Viridovix.
1113 1080 1230 1150 Multae
1243 1082 1278 1147 in
1297 1080 1361 1149 cir·

281 1193 374 1259 cuitu
386 1193 534 1261 civitates
547 1216 567 1261 a
578 1194 740 1261 Romanis
752 1191 961 1278 defecerant,
977 1213 1118 1283 quarum
1132 1187 1249 1281 aliquae
1265 1210 1363 1255 sena·

282 1311 369 1385 tum,
382 1298 472 1392 quod
486 1316 594 1393 neque
608 1299 785 1368 defectioni
791 1322 923 1392 ,neque
932 1295 1020 1366 bello
1037 1294 1302 1380 consentiebant,
1317 1294 1364 1360 in-

282 1404 497 1494 terfecerant3
510 1404 677 1474 latronum
693 1430 826 1500 quoque
842 1428 961 1473 manus
979 1406 1112 1499 ingens,
1127 1402 1250 1496 partim
1257 1397 1364 1488 bello,

283 1525 405 1605 partim
413 1504 848 1619 praedarllrcrente,d1m1sso
859 1509 1069 1606 agrrculturae
1079 1509 1204 1595 studro
1213 1531 1283 1576 sese
1293 1520 1365 1576 istis

284 1618 518 1711 adjunxerant3
532 1606 1365 1713 quibusomnibusmagnusexereitusjamiuarmis

285 1738 366 1793 erat.
388 1724 530 1794 Sabinus
549 1724 661 1795 locum
680 1728 796 1795 eastris
816 1727 1024 1820 aptissimum
1040 1737 1179 1810 nactuS,
1197 1723 1286 1789 intra
1299 1718 1368 1787 val·

285 1828 356 1899 lum
379 1856 475 1919 suos,
493 1830 662 1902 lacessitus
689 1857 776 1928 saepe
797 1831 875 1902 licet
895 1833 938 1900 ab
957 1831 1128 1917 hostibus,
1150 1827 1368 1914 continebat,

285 1951 325 2006 ut
346 1938 416 2030 jam
438 1962 508 2005 non
532 1938 679 2007 hostium
701 1939 803 2007 modo
830 1938 888 2007 sed
914 1963 1051 2008 suorum
1078 1939 1112 2005 in
1134 1935 1378 2028 contemptum

286 2042 446 2161 paulatim
465 2044 641 2115 incidisset.
661 2048 739 2139 Ipse
757 2070 838 2115 vero
861 2070 930 2114 non
947 2045 981 2113 id
1002 2058 1097 2114 motu
1119 2042 1184 2111 alio
1206 2040 1368 2128 faciebat,

287 2150 351 2218 nisi
373 2150 483 2244 quod,
503 2151 638 2221 absente
661 2154 813 2241 Caesare,
835 2166 930 2224 tanta
951 2177 1028 2221 cum
1049 2149 1261 2220 multitudine
1286 2172 1369 2217 con·

289 2237 400 2349 gredi,
417 2259 563 2363 quisquis
577 2260 683 2328 exitus
697 2274 907 2379 sequeretur,
923 2284 966 2327 ne
982 2259 1160 2328 temeritati
1175 2256 1275 2325 tribui
1290 2279 1370 2349 pos

289 2376 340 2453 set
360 2365 585 2471 potiusquam
602 2366 737 2454 virtuti,
755 2367 872 2434 anxius
895 2388 1138 2461 suspensusque
1149 2377 1222 2431 erat
1235 2363 1368 2431 animo

289 2448 347 2537 ubi
366 2494 401 2538 se
423 2472 534 2565 sperni
559 2485 671 2540 autem
694 2471 854 2542 intellexit
861 2498 1043 2568 ,pugnare
1069 2470 1223 2558 tandem,
1242 2468 1327 2539 sed
1318 2494 1370 2537 ιιι-

291 2577 407 2671 primis
440 2591 669 2673 contemptum
696 2527 947 2673 hujuseeniodi,
965 2592 1126 2674 quantum
1159 2592 1288 2672 posset,
1311 2601 1371 2671 ag·

293 2705 426 2776 gerare,
443 2683 614 2794 disposuit.
640 2688 758 2781 Itaque
786 2685 921 2756 Gallum
943 2687 1120 2781 quemdam
1143 2685 1204 2753 sibi
1228 2682 1371 2752 familia-

293 2814 364 2858 rem
376 2785 645 2886 ,versutumque
666 2793 838 2863 hominem
856 2808 960 2863 noctu
981 2796 1016 2864 in
1037 2807 1145 2862 castra
1161 2789 1373 2910 transfugere

292 2894 408 2988 jubet,
426 2910 460 2966 et
471 2900 594 2992 ,quod
616 2899 687 2968 fieri
704 2899 805 2988 velit,
826 2901 963 3001 edocet:
982 2914 1078 2995 paret
1094 2897 1171 2986 ille,
1192 2912 1226 2966 et
1243 2898 1374 2991 origine

295 3000 391 3072 dictis
420 3003 660 3125 adstipulante,
682 3005 783 3075 fidem
809 3009 967 3094 meritus,
989 3008 1090 3101 coepit
1117 2952 1268 3074 hostibus
1296 3028 1374 3072 sua·

296 3105 393 3197 dere,
408 3123 442 3178 et
464 3113 582 3181 animis
604 3112 746 3182 credulis
772 3112 868 3183 facile
893 3115 1078 3207 persuasit:
1102 3113 1212 3206 primo
1232 3109 1375 3204 quidem

297 3218 557 3287 Venetorumrin
572 3218 693 3288 finibus
710 3223 877 3290 Caesarem
890 3221 1046 3287 extremis
1061 3216 1258 3314 perieulis
1229 3242 1374 3287 circum·

298 3324 458 3398 ventum:
477 3321 596 3394 deinde
611 3328 645 3395 in
660 3328 806 3395 romanis
824 3327 957 3414 castris,
971 3321 1153 3394 hine'fama
1167 3325 1278 3414 ducis,
1292 3324 1376 3393 hine
1398 3350 1402 3355 ·

298 3427 457 3499 hostium
467 3434 661 3525 praesentia,
682 3445 813 3501 tantum
838 3455 909 3501 esse
936 3380 1143 3519 formidinis,
1163 3445 1202 3499 ut
1228 3429 1269 3499 de
1292 3454 1376 3500 noe-

299 3549 399 3606 turna
411 3539 537 3631 agitent
549 3534 645 3634 fuga,
660 3545 726 3633 qua
737 3553 771 3607 et
782 3541 948 3608 Caesarem
963 3539 1083 3609 adeant
1092 3485 1262 3632 ,ducique
1275 3561 1376 3632 opem

300 3641 428 3731 ferant,
443 3657 477 3713 et
491 3645 688 3714 instantibus
706 3669 777 3713 sese
791 3644 886 3714 malis
900 3647 1050 3747 eripiant.
1069 3645 1110 3714 Id
1124 3668 1227 3738 quum
1242 3633 1378 3739 publice

301 3750 464 3820 creditum
480 3766 565 3821 esset
571 3743 605 3839 ,(
619 3765 669 3820 est
683 3753 806 3820 etenim
824 3778 894 3822 non
907 3755 1002 3822 vanis
1015 3751 1133 3840 modo,
1146 3751 1204 3821 sed
1220 3747 1377 3821 omnibus

300 3857 453 3946 insitum,
471 3872 509 3926 ut
529 3857 619 3952 quod
647 3856 743 3927 valde
765 3861 925 3955 eupiunt,
946 3856 1075 3929 facile
1063 3860 1163 3927 etiam
1185 3850 1377 3948 credant3)

301 3963 378 4032 totis
392 3966 514 4060 passim
529 3967 644 4033 eastris
663 3989 731 4034 una
748 3969 898 4036 omnium
912 3992 979 4037 vox
995 3965 1119 4054 audiri,
1132 3959 1378 4061 providendum

301 4071 407 4144 modis
430 4069 605 4162 omnibus,
623 4095 665 4143 ne
687 4088 758 4145 tam
773 4073 851 4148 felin
872 4075 1003 4146 o'eeasio
1024 4070 1085 4174 per
1106 4074 1273 4168 ignaviam
1295 4070 1377 4147 dila·
