3000 5025
228 584 230 589 Δ
324 491 393 562 182
537 475 1173 561 J.-'eens‘1-conmenraan

316 640 474 695 testatem
493 608 737 722 pervenerunt,
764 639 802 693 et
828 648 853 691 a
880 648 934 693 me
963 628 1059 692 missi
1082 638 1189 691 sunt:
1217 627 1251 690 si
1276 622 1401 691 volent

312 737 412 824 grati
429 757 525 819 esse,
551 732 722 802 debebunt
742 735 941 827 Pompezitm
966 731 1114 818 hortari,
1136 745 1176 797 ut
1194 730 1296 798 mali't
1313 731 1400 797 mebe'

314 862 389 906 esse
414 844 565 927 amicus,
588 862 693 933 quam
715 844 773 923 tis,
797 843 859 933 qui
876 840 928 907 illi
947 853 984 905 et
1001 838 1085 906 mdu'
1101 860 1235 932 semper
1238 837 1397 927 fuerunt

314 948 549 1033 inimicissimi,
579 968 722 1040 quorum
750 944 908 1034 artfficti's
927 944 1092 1037 effictum
1120 959 1189 1030 est,
1218 960 1258 1011 ut
1275 968 1395 1039 respu-

314 1048 406 1119 blica
435 1058 470 1121 in
504 1053 747 1121 humectatum
767 1057 970 1147 perveniret.
997 1050 1116 1119 Eidem
1134 1074 1238 1144 quum
1260 1049 1303 1118 de
1325 1050 1395 1119 hoe

238 1234 240 1241 Ι
313 1159 513 1251 scripsisset,
532 1143 723 1252 factumque
743 1157 907 1226 laudasset
925 1159 1062 1244 Cicero,
1076 1159 1179 1252 quise
1197 1157 1308 1226 adhuc
1321 1175 1396 1225 me-¹

312 1262 423 1352 dium,
445 1267 480 1333 in
498 1288 620 1358 magna
648 1263 726 1333 licet
747 1266 849 1333 animi
874 1264 1105 1351 fluctuatione,
1127 1279 1161 1332 et
1181 1262 1287 1331 multa
1308 1289 1392 1332 con·

311 1368 459 1439 siliorum
480 1374 659 1457 varietate,
679 1384 845 1456 tenuerat,
860 1372 1027 1463 rescripsit
1044 1372 1097 1439 bis
1115 1371 1249 1439 verbis:
1270 1372 1395 1441 Caesar

309 1480 499 1571 zinperator
522 1481 678 1546 Ciceroni
695 1483 898 1575 tmperatori
913 1478 1059 1545 saliatem
1082 1477 1173 1546 debat
1197 1481 1302 1547 Recte
1326 1502 1393 1546 αιι-

307 1590 446 1676 gumias
474 1584 518 1653 de
543 1610 613 1671 me,
649 1584 734 1653 bene
760 1589 848 1653 enim
872 1583 935 1652 tibi
961 1589 1118 1678 cognitum
1141 1608 1231 1670 sune,
1255 1584 1345 1652 mail
1366 1608 1392 1653 a

309 1714 364 1757 me
380 1690 502 1760 abesse
513 1692 649 1785 longum
668 1690 872 1761 crudelitate
881 1717 896 1776 ;
918 1706 1024 1783 atque
1035 1715 1099 1784 ego
1117 1714 1220 1784 quum
1239 1713 1287 1758 ex
1308 1695 1390 1786 ipsa

307 1820 345 1863 re
365 1821 530 1891 magnam
552 1803 655 1893 capio
673 1800 888 1893 voluptatem
898 1853 910 1885 ‚
937 1814 1007 1865 mm
1029 1796 1286 1888 meumfactum
1298 1820 1389 1891 pro-

309 1903 389 1972 bari
408 1905 472 1972 abs
495 1920 528 1972 te
548 1904 716 1999 triumpho
734 1920 772 1971 et
784 1904 944 1998 gaudeo:
964 1893 1075 1997 neque
1086 1904 1175 1972 illud
1188 1929 1242 1972 me
1257 1922 1385 1991 movet,

306 2011 404 2104 quod
420 2012 474 2097 di,
490 2017 552 2105 qui
567 2034 591 2079 a
605 2036 659 2079 me
680 2011 813 2079 demost
826 2026 923 2094 sunt,
945 2010 1141 2079 dicessus&
1155 2010 1332 2097 dabuntur,
1347 2028 1388 2081 ut

306 2118 390 2185 mihi
412 2141 529 2184 rursus
556 2116 679 2185 bellum
702 2118 895 2208 afferrent:
916 2118 1003 2186 ηϋιὶἰ
1020 2121 1109 2185 euim
1134 2119 1246 2204 malti,
1276 2142 1385 2212 quam

305 2239 339 2291 et
352 2248 405 2291 me
421 2229 490 2291 mei
498 2226 639 2293 sciniLem
656 2228 730 2292 esse
748 2239 786 2291 et
804 2224 882 2292 illos
902 2230 964 2293 sui.
983 2225 1063 2312 Quo
1080 2224 1171 2293 dicto
1184 2226 1241 2293 vix
1256 2223 1384 2319 aliquid

304 2352 453 2423 unquam
477 2329 542 2398 dici
564 2329 742 2423 gloriosius·
759 2354 799 2399 ac
816 2330 1082 2425 magnificentius
1101 2332 1231 2418 audivi,
1252 2346 1287 2400 et
1309 2331 1383 2401 haec
1473 2337 1475 2348 '

303 2436 437 2530 quidem
458 2450 568 2524 extra,
590 2436 647 2505 sed
665 2460 751 2524 non,
769 2450 807 2505 ut
828 2438 990 2525 arbitror,
1003 2453 1120 2507 contra
1143 2440 1261 2508 seriem
1281 2438 1382 2509 histo

302 2546 375 2630 riae,
397 2569 459 2638 pro
478 2542 696 2613 delectatione
717 2543 850 2614 lectoris
874 2547 1067 2640 interposui.
1092 2545 1145 2615 Ad
1166 2570 1236 2614 rem
1266 2547 1378 2616 redeo.

355 2652 471 2739 Quum
492 2652 605 2719 Caesar
631 2639 810 2746 Appuliam
833 2653 1013 2746 attigisset,
1042 2677 1122 2721 mox
1152 2653 1379 2723 Brundusium

299 2758 395 2845 adiit,
413 2789 415 2796 ·
431 2759 692 2852 Pompeiumque
711 2759 784 2852 'jam
818 2783 1038 2853 praegressum
1065 2759 1174 2828 valida
1201 2759 1378 2830 obsidione

298 2863 530 2952 circumdedit;
552 2864 678 2958 dequo
699 2865 815 2934 iisdem
833 2866 953 2960 quibus
970 2890 1071 2961 supra
1093 2867 1225 2954 scribit,
1245 2883 1377 2937 namet

296 2970 367 3040 haec
399 2971 500 3038 animi
524 2971 594 3064 ejus
635 2970 734 3040 index
763 2971 902 3067 epistola
931 2973 1072 3042 videtur.
1109 2976 1230 3044 Caesar
1258 2976 1376 3070 Oppio

298 3079 522 3171 Cornelioque
536 3079 692 3147 salutem.
713 3079 781 3148 Ad
794 3103 847 3147 vu
866 3079 953 3148 Idus
973 3084 1128 3149 Martius
1144 3080 1373 3150 anemurum

292 3189 390 3270 veni,
413 3185 468 3253 ud
481 3209 610 3253 murum
629 3201 749 3255 castra
764 3191 877 3281 posui.
896 3189 1081 3282 Ponpeuu
1098 3203 1153 3256 est
1169 3188 1373 3257 Brundusi:

293 3293 387 3361 misit
404 3291 456 3360 ad
473 3315 526 3360 me
549 3295 607 3363 Cn.
631 3296 791 3388 Magium
810 3292 854 3361 de
867 3316 979 3388 pace3
1003 3317 1086 3387 quw
1104 3299 1182 3363 orsa
1206 3311 1289 3363 sunt
1307 3321 1374 3365 res·

282 3397 416 3493 poncii}
435 3398 511 3467 doec
527 3423 592 3468 uos
606 3404 725 3468 statz'm
740 3403 828 3467 scire
837 3401 956 3468 volui:
971 3425 1075 3494 quum
1087 3407 1123 3469 in
1137 3425 1230 3498 spem
1243 3425 1370 3472 venero

288 3505 332 3573 de
353 3505 755 3600 compostnbne'alupuid
770 3529 825 3574 me
846 3507 1033 3596 curfiano,
1058 3512 1176 3576 statim
1202 3531 1268 3576 vos
1294 3533 1367 3579 cer·
1470 3587 1474 3596 ‚

287 3616 391 3680 tiores
403 3613 559 3702 stactem.
594 3613 822 3706 Et'quoniam
851 3628 990 3709 propter
1017 3616 1154 3685 navium
1191 3618 1366 3708 penuriam

284 3720 369 3787 mari
391 3743 468 3788 eum
491 3718 643 3788 obsidere
667 3743 735 3786 non
761 3733 910 3813 poterat3
934 3723 1054 3790 timens
1077 3720 1111 3788 id
1136 3721 1227 3814 quod
1248 3747 1363 3793 omnes

284 3827 423 3920 cupiunt
443 3825 573 3911 hostes,
591 3823 722 3918 fugam3
737 3815 1256 3922 famosissimum'maximumque
1269 3827 1367 3898 illum·

280 3947 417 4026 portum
452 3945 607 4002 saxorum
632 3931 776 4002 molibus
804 3932 932 4026 injectis
962 3934 1136 4003 obstruere
1165 3936 1258 4004 nisus
1287 3951 1359 4011 est,

280 4065 365 4134 opus
384 4037 457 4108 ‘non
484 4053 615 4134 tanturn
644 4039 791 4127 bomini,
816 4040 874 4109 sed
898 4056 1027 4109 naturae
1048 4041 1240 4135 improbum
1262 4056 1359 4136 atque

276 4143 520 4233 inextricabile,
548 4145 638 4240 quod
663 4147 743 4239 ipse‘
764 4171 985 4240 cognoscens,
1014 4150 1074 4217 uni
1099 4173 1140 4216 ex
1169 4149 1283 4218 amicis
1310 4150 1353 4233 Q.
