3000 5025
331 467 406 541 506
567 567 573 578 l
644 471 682 538 C.
714 468 864 536 IULII
893 469 1141 538 CAESARIS

329 602 524 686 σπάσασθαι,
543 600 562 676 ιθ
584 602 636 668 καὶ
655 600 818 695 πολιορκίᾳ
842 600 903 668 τινὶ
927 595 1078 669 ύλάπτειν
1099 594 1247 687 δύναιτο,
1264 599 1387 698 πρέσύεις

330 711 359 776 οἱ
386 719 442 787 τῆς
477 717 538 776 τῶν
567 693 708 776 Εδουίων
744 709 863 785 πόλεως
890 706 992 801 άριςοι
1018 711 1094 801 πρὸς
1125 711 1218 777 αὐτὸν
1248 711 1386 793 ἐλθόντες,

330 807 472 899 ἐδέοντο,
486 819 516 882 ἐν
540 815 640 908 χρόνῳ
664 815 903 909 άναγκαιοτάτῳ
924 818 963 888 τη
982 825 1043 882 τῶν
1068 801 1209 884 Εδουέων
1228 817 1312 885 πόλει
1331 819 1387 886 ἐπι·

329 929 462 1015 κουρεῖν,
480 925 511 989 ἐν
530 921 655 1016 μεγαλῳ
668 912 800 1008 κινδύνῳ
814 917 1009 1012 στερείς-ασθαι
1032 924 1069 989 τὸ
1089 925 1238 1017 πρᾶγμα,
1253 923 1278 990 εί
1291 927 1332 1016 μοί
1348 950 1388 1000 τις

332 1029 477 1114 βοηθείη,
497 1032 649 1124 λέγοντες·
681 1031 746 1106 ἐνὸς
772 1029 826 1122 μὲν
853 1025 911 1122 γάρ
936 1026 1086 1120 ἄρχοντος
1114 1039 1170 1108 τῆς
1197 1031 1313 1109 πόλεως
1331 1030 1388 1097 καθ’

328 1139 439 1213 ίκαςον
461 1137 530 1214 ίτος
544 1136 773 1228 καθιςαμένου,
792 1134 845 1203 καὶ
863 1134 975 1203 ἐκείνου
997 1139 1027 1202 ἐν
1048 1143 1094 1223 τῷ
1112 1137 1214 1227 χρόνῳ
1228 1139 1328 1223 τούτῳ
1340 1131 1389 1202 όο-
1467 1196 1468 1205 ,

329 1244 434 1320 σιλέως
449 1233 578 1335 δύναμιν
594 1243 738 1334 ἔχοντες,
752 1250 805 1308 νῦν
820 1233 895 1326 δύο,
909 1243 1024 1335 ίρασαν
1035 1294 1045 1327 ,
1058 1245 1115 1316 τὴν
1130 1243 1228 1336 ἀρχὴν
1241 1245 1388 1336 μετέρχον-
1467 1318 1468 1331 ρ

328 1374 403 1432 ται,
418 1347 577 1444 ἑκάτεροι,
596 1354 646 1416 ότι
675 1346 821 1441 άρχυντες
847 1347 931 1417 κατὰ
957 1349 1011 1416 τὸν
1036 1349 1129 1441 νόμον
1158 1339 1388 1443 ἀπεδείχθησαν,
1467 1362 1468 1367 ’

328 1459 507 1544 φάσκοντες.
523 1455 587 1523 Καὶ
601 1462 617 1523 ό
638 1456 691 1548 μὲν
706 1454 746 1532 εἷς
762 1450 1056 1546 Κομύικτολιτοίνης
1074 1463 1237 1540 καλεῖται,
1256 1457 1389 1548 οωρρονί-
1467 1446 1468 1513 ί

328 1563 426 1639 ςατός
451 1588 504 1644 τε,
519 1561 571 1628 καὶ
590 1554 812 1639 δυνατώτατος
831 1563 916 1655 άνηρ·
936 1568 953 1630 ὁ
973 1555 1003 1629 δ’
1021 1565 1122 1656 ίτερος
1137 1563 1345 1654 Κότος,είνη’ρ
1361 1587 1389 1629 τε

329 1659 570 1748 δυνατώτατος,
585 1669 638 1738 καὶ
648 1676 694 1734 τῶ
707 1670 786 1761 γένει
798 1669 962 1761 λαμπρὸς,
977 1667 1029 1735 καὶ
1046 1671 1179 1748 πολλοὺς
1196 1670 1301 1762 φίλους
1317 1671 1391 1736 άναη
1467 1742 1468 1753 ,

330 1773 521 1867 τηοάμενος,
540 1778 574 1858 ό,
589 1801 623 1842 τε
644 1775 758 1842 ἐκείνου
782 1767 915 1867 ἀδελφὸς
936 1776 1129 1854 Βαλητιοοιὸς
1150 1780 1180 1842 ἐν
1209 1787 1257 1864 τῷ
1278 1775 1390 1870 πρόσθεν

329 1881 391 1949 ἔτει
410 1885 466 1955 τήν
486 1884 582 1949 αὐτὴν
612 1880 814 1975 μετεχείριοεν
837 1881 945 1975 άρχην·
968 1887 1030 1960 ώςε
1052 1886 1141 1951 πάσα
1165 1884 1222 1977 μὲν
1249 1887 1279 1950 ἐν
1300 1887 1390 1958 ὅπλοις

327 1993 345 2060 τί
361 1987 460 2066 πόλις·
478 1988 529 2056 καὶ
544 1980 690 2082 διῄρηται
705 1985 793 2080 μένὸ
810 1978 920 2082 δῆμος·
936 1980 1083 2083 διείρηται
1099 1980 1134 2056 δὲ
1150 1990 1237 2065 καὶὴ
1256 1987 1389 2084 γερουσία·

330 2085 491 2188 διηρηνται
510 2087 545 2161 δέ
562 2094 614 2162 καὶ
629 2100 744 2179 πᾶσαι,
758 2102 798 2174 ὡς
819 2095 927 2178 εἰπεῖν,
942 2096 974 2163 αἱ
988 2094 1103 2174 ἐκοίςου
1121 2095 1227 2164 οἰκίαι.
1242 2076 1288 2164 Ην
1304 2089 1336 2162 δὲ
1351 2094 1392 2161 ἐπὶ

327 2207 430 2267 πλεῖον
462 2205 541 2274 αίίτη
574 2202 726 2293 τρέφηται
753 2208 772 2276 ἡ
803 2202 917 2295 ἔχθρα,
945 2193 1105 2288 κίνδυνος,
1131 2207 1174 2295 μὴ
1205 2205 1345 2280 ἀλλήλοις
1370 2201 1392 2267 οἱ
1468 2270 1469 2285 ,

327 2313 453 2374 πολῖται
473 2301 684 2400 συμύάλλωοι·
706 2311 748 2400 μὴ
774 2300 809 2375 δέ
834 2317 929 2376 τοῦτο
951 2303 1074 2402 συμύῇ,
1089 2320 1203 2396 τοῦτο,
1224 2308 1390 2402 ίῳαοαν,ίν
1468 2310 1469 2379 ί

328 2437 394 2496 σοι,
413 2416 553 2506 Καῖσαρ,
573 2421 682 2482 κεῖται.
711 2415 713 2420 ’

380 2522 539 2589 XXXIII.
555 2505 585 2587 ί)
600 2511 636 2588 δέ
656 2513 695 2597 δὴ
711 2524 845 2615 Καῖσαρ,
865 2521 973 2614 καίπερ
993 2524 1048 2591 τόν
1064 2550 1099 2591 τε
1113 2525 1272 2618 πολεμον,
1288 2521 1389 2591 καὶτὸν
1469 2547 1470 2588 3

314 2630 475 2721 ’πολέμιον’
496 2632 578 2695 οὕτω
598 2627 813 2711 καταλείπειν,
832 2621 1022 2697 ἐπικίνδυνον
1040 2632 1229 2725 ἡγούμενος,
1247 2635 1326 2724 ὅμως
1344 2632 1391 2695 ὅσα
1469 2673 1470 2704 γ

329 2736 364 2800 ἐκ
386 2742 448 2801 τῶν
477 2736 597 2814 ςάοεων
622 2736 705 2803 κακὰ
726 2730 903 2827 συμύαίνειν
925 2743 1025 2827 φιλεῖ,
1046 2742 1102 2804 οὐκ
1127 2738 1265 2832 ἀγνοῶν,
1283 2740 1323 2830 μὴ
1347 2735 1390 2827 μὲν

329 2845 488 2924 τοσαύτη,
503 2845 585 2909 ούτω
599 2868 635 2909 τε
654 2850 719 2920 τοῖς
729 2827 883 2934 Ῥωμαίοις
901 2836 1120 2922 σπουδάζουσα
1136 2845 1245 2929 πόλις,
1257 2846 1293 2919 ἣν
1313 2843 1390 2916 αὐτὸς

329 2946 376 3013 άεὶ
394 2948 571 3033 ἐθεράπευε,
585 2948 636 3016 καὶ
653 2954 692 3027 ὡς
705 2939 844 3023 ἠδύνατο
863 2948 983 3042 μάλιςα
1005 2951 1147 3043 ἐκόσμει,
1162 2953 1242 3045 πρὸς
1264 2946 1329 3019 ύίαν
1348 2974 1390 3028 τε,

329 3054 381 3119 καὶ
404 3058 486 3122 όπλα
513 3056 686 3148 τράποιτο,
710 3054 763 3122 καὶ
784 3056 813 3123 οἱ
839 3054 939 3146 σφίσιν
969 3060 1073 3136 αὐτοῖς
1096 3062 1130 3125 ού
1158 3062 1334 3137 πιςεύοντες
1359 3053 1390 3130 εἷς

329 3161 385 3234 τὴν
417 3170 501 3253 σφῶν
530 3161 669 3247 βοήθειαί
694 3168 946 3256 παρακαλοῑντο,
962 3172 1057 3231 τούτο
1083 3168 1282 3257 προληπτίον
1305 3160 1391 3246 ἐκείνῳ
1469 3177 1470 3224 ι

329 3258 438 3333 ἐδόκει·
466 3272 515 3335 ὅτι
543 3261 578 3336 δὲ
599 3272 654 3337 οὐκ
675 3262 742 3346 ἐξῆν
763 3264 867 3352 (κατὰ
893 3272 948 3337 τὸν
977 3280 1041 3337 τῶν
1065 3256 1210 3339 Εδουέων
1229 3265 1340 3365 νόριον)
1354 3274 1391 3353 τῷ
1469 3335 1470 3342 ,

328 3376 386 3447 τὴν
406 3373 534 3469 μεγίςην
554 3378 650 3468 ἀρχὴν
669 3378 807 3458 ταύτην,
823 3371 1030 3470 Βεργόύρετον
1052 3379 1261 3471 καλουμένην,
1280 3380 1391 3473 ἔχοντι,

329 3482 364 3547 ἐκ
382 3491 437 3559 τῆς
458 3490 520 3547 τῶν
540 3468 681 3549 Εδουέων
705 3472 814 3560 ἐξιέναι
830 3484 952 3575 χώρας,
973 3486 1019 3575 μη
1036 3511 1067 3551 τι
1090 3487 1121 3550 ἐν
1146 3488 1253 3572 τούτῳ
1271 3494 1326 3562 τῆς
1344 3474 1390 3547 δυ·
1469 3477 1470 3530 3

328 3586 451 3665 ναςείας
484 3595 545 3685 τῶν
578 3576 743 3670 Εδουέων,
772 3586 790 3662 ἢ
825 3598 882 3655 τοῦ
913 3587 1033 3657 ἐκείνων
1073 3591 1169 3683 νόμου
1200 3591 1388 3685 παρατίμνειν
1469 3601 1470 3610 ’

329 3685 460 3777 δόξειεν,
475 3696 550 3786 πρὸς
569 3694 697 3773 ἐκείνους
717 3695 864 3768 ἀπῆλθεν.
878 3680 1024 3765 Ἐνταῦθα
1038 3689 1073 3763 δὲ
1091 3699 1173 3791 ταχθ
1191 3694 1388 3792 παραγενόμε-

329 3826 395 3885 νος,
416 3807 518 3870 πᾶσαν
545 3805 600 3877 τήν
628 3800 745 3869 ἐκείνων
775 3804 972 3896 σύγκλητον,
998 3794 1050 3871 καὶ
1075 3806 1147 3883 τοὺς
1176 3803 1389 3883 οίντιςαοιώτνι

329 3909 403 3999 πρὸς
432 3911 541 3976 ἐαυτὸν
568 3909 703 3977 ἐκάλεσε.
726 3907 836 3987 Πάοης
865 3900 901 3975 δὲ
922 3899 1033 4001 σχεδὸν
1054 3921 1111 3988 τῆς
1135 3911 1255 3988 πόλεως
1273 3904 1388 3977 ἐνταῦθα

329 4014 545 4101 συνελθούσης,
566 4015 617 4083 καὶ
644 4019 713 4099 ότι,
732 4016 842 4113 όλίγων
868 4018 897 4082 ἐν
927 4025 1054 4109 κρυπτῷ
1078 4012 1388 4111 παρανιληθίντων,ἐν

330 4130 425 4214 καιρῷ
439 4114 643 4210 άνεπιτηδείῳ
657 4113 736 4221 (δύο
754 4130 924 4218 συγγενεῖς,
937 4124 1119 4217 ἀμφοτέρων
1133 4125 1182 4192 ἔτι
1194 4118 1330 4205 ζώντων,
1342 4121 1389 4205 οὐχ
