3000 5025
313 491 389 573 204
540 488 569 554 J.
600 486 764 553 onnsr
792 483 1196 553 conunnrsnn

311 634 379 688 tem
396 620 561 689 rationem
580 616 747 687 moderari
765 610 911 685 :mirum
926 639 1032 709 genus
1049 612 1251 700 clementiae‚
1265 629 1300 685 et
1316 642 1390 684 om-

311 727 411 795 nibus
428 726 579 795 victoriis
594 738 688 793 recto
703 722 891 817 subjudice
908 720 1170 815 praeferendum,
1189 724 1390 816 penitusque

310 834 354 901 ab
369 830 548 901 Alexandri
564 830 761 900 Macedonis
774 828 915 899 oonsilio
929 827 1182 921 diversum,qui
1196 853 1266 897 non
1282 828 1389 899 solum

310 937 401 1007 ultro
418 938 548 1008 oblatas
561 939 711 1008 hostium
730 934 889 1031 epistolas
902 961 972 1004 non
990 935 1195 1021 combussit,
1207 934 1266 1005 sed
1277 989 1286 1022 ,
1299 934 1390 1030 quod

310 1046 486 1115 certissimi
507 1060 585 1114 sunt
608 1058 791 1130 auctores,
814 1068 952 1113 suorum
971 1041 1099 1113 litteras
1116 1040 1235 1111 callide
1254 1044 1390 1137 perqui-

312 1152 405 1235 sivit,
420 1153 557 1247 cognito
574 1176 691 1221 eorum
706 1150 748 1219 de
764 1174 798 1219 se
810 1149 956 1243 judicio,
969 1146 1169 1243 supplicium
1187 1149 1389 1219 meditatus:

311 1282 514 1353 quamqutun
526 1257 607 1352 quid
622 1256 850 1327 Alexandrum
863 1258 1018 1343 nomino,
1032 1256 1184 1325 omnium
1200 1255 1270 1325 fere
1282 1256 1390 1325 homi·

310 1388 393 1433 num
415 1363 554 1435 consilia
569 1365 633 1434 hac
647 1364 689 1433 de
701 1389 738 1432 re
755 1365 865 1458 paria,
880 1376 915 1432 et
932 1360 1139 1458 Alexandrea¹
1156 1364 1269 1456 potius
1288 1387 1391 1457 quam

310 1472 463 1541 Caesarea
482 1496 553 1541 esse
572 1472 647 1567 quis
668 1469 825 1540 dubitet?
841 1469 997 1540 Profecto
1011 1483 1051 1537 ut
1074 1469 1110 1537 in
1123 1466 1255 1557 multis,
1273 1470 1310 1538 in
1325 1470 1392 1540 hoc

311 1602 443 1672 quoque
461 1580 581 1648 unicus
596 1582 707 1649 Caesar
723 1592 795 1647 est:
810 1576 867 1646 sed
887 1576 1037 1670 Pompeii
1059 1576 1172 1669 fugam
1193 1600 1389 1671 prosequor.

365 1683 483 1754 Pulsus
521 1710 602 1779 ergo
634 1684 836 1779 Pompeius,
864 1709 925 1778 per
955 1680 1162 1753 Thessalicas
1185 1682 1297 1776 sylvas
1322 1708 1391 1753 uno

310 1814 422 1884 equo,
450 1816 512 1886 per
534 1795 675 1887 Qeum
698 1790 837 1886 pelagus
865 1814 934 1859 una
958 1791 1037 1859 navi
1064 1788 1240 1884 fugiebat:
1259 1792 1392 1860 romani

312 1898 445 1992 imperii
462 1897 573 1992 pudor
588 1900 720 1993 ingens,
737 1896 829 1991 quod
842 1893 897 1965 ille
918 1912 1004 1964 nutu
1017 1909 1148 1967 rexerat
1162 1891 1170 1963 l
1186 1896 1244 1965 sed
1258 1898 1307 1966 sic
1324 1912 1391 1986 est,

310 2028 365 2073 res
385 2004 559 2074 hominum
581 2029 650 2075 non
678 2017 789 2100 stantp
810 2016 845 2071 ct
866 2027 933 2097 quo
960 2004 1067 2096 major
1087 2016 1138 2071 est
1158 2000 1329 2091 altitudo,
1351 2030 1392 2073 eo

309 2111 447 2203 gravior
467 2112 571 2178 ruina.
595 2112 649 2180 Sic
672 2110 809 2179 Lesbon
832 2108 974 2178 insulam
997 2109 1098 2196 adiit,
1120 2110 1179 2177 ubi
1200 2134 1259 2179 sua
1282 2134 1394 2179 aman·

311 2217 438 2285 tissima
463 2218 585 2310 conjux
611 2232 703 2303 erat,
729 2228 932 2309 receptoque
961 2217 1131 2285 carissimo
1154 2218 1296 2309 pignore
1324 2216 1394 2289 illic

309 2320 483 2417 deposito,
500 2346 520 2391 a
534 2337 630 2417 tergo
646 2324 710 2391 sibi
723 2336 893 2410 metuens,
910 2348 990 2391 mox
1003 2322 1154 2391 discessit
1167 2349 1177 2405 ;
1191 2322 1300 2392 donec
1318 2326 1393 2418 qui·

314 2428 456 2497 busdam
476 2453 613 2499 suorum
638 2430 813 2517 assecutis,
830 2430 866 2497 in
885 2428 1001 2498 infami
1020 2454 1080 2499 scu
1103 2427 1210 2498 insula
1229 2428 1393 2520 Cilicum,

313 2559 371 2606 seu
399 2535 537 2631 scopulo
566 2535 850 2606 deliberabundus
880 2537 1053 2620 substitit,
1081 2561 1125 2606 an
1149 2538 1184 2632 in
1212 2536 1391 2627 Africam,

310 2665 356 2710 an
382 2644 418 2713 in
445 2645 643 2739 AEgyptum,
666 2631 709 2713 an
738 2644 774 2712 iu
804 2644 974 2713 Parthiam
1002 2645 1187 2738 navigaret.
1209 2647 1253 2713 Et
1285 2669 1392 2738 quum

312 2774 441 2844 pronus
455 2765 541 2820 esset
558 2752 593 2820 in
614 2751 783 2837 Parthiae,
806 2775 921 2820 rursus
949 2749 1096 2820 consiliis
1118 2775 1256 2821 suorum
1278 2753 1391 2822 victus

311 2857 347 2924 in
368 2858 550 2953 AEgyptum
576 2857 690 2942 flexit3
723 2856 880 2953 quodque
906 2859 941 2926 in
966 2855 1109 2926 consiliis
1135 2857 1294 2929 crebrum
1320 2873 1391 2947 est,

312 2960 368 3029 illa
386 2965 553 3033 sententia
573 2965 765 3058 superavit,
786 2987 853 3058 qua
870 2963 1018 3032 deterior
1039 2961 1131 3034 nulla
1151 2978 1245 3032 erat:
1267 2988 1390 3061 nempe

312 3093 417 3161 quum
437 3071 479 3139 ab
501 3095 542 3138 eo
564 3093 647 3164 rege¹
663 3073 717 3140 cui
730 3084 825 3140 tutor
841 3096 863 3139 n
881 3084 998 3139 senatu
1016 3069 1116 3140 datus
1136 3094 1278 3164 regnum
1300 3097 1391 3145 sum·

312 3199 368 3243 ma
393 3174 459 3245 fide
486 3191 705 3266 servaverat,
733 3191 767 3246 et
793 3192 935 3272 paterna
964 3177 1089 3272 pietate
1115 3178 1334 3265 restituerat,
1357 3192 1390 3248 et

312 3284 443 3374 paterni
459 3283 535 3376 jure
551 3283 687 3378 hospitii
706 3298 740 3353 et
758 3285 810 3352 sui
829 3284 864 3352 in
882 3282 976 3352 illum
996 3285 1128 3371 meriti,
1146 3281 1307 3352 auxilium
1332 3311 1389 3381 pe·

308 3389 454 3477 titurus,
470 3391 649 3459 infaustam
662 3391 802 3486 puppim
815 3388 858 3458 ad
870 3387 965 3458 littus
979 3392 1161 3484 aegyptium
1183 3389 1388 3484 appulisset:

312 3497 449 3588 cognito
467 3500 552 3565 tanti
574 3497 638 3565 viri
661 3496 808 3592 solitario
829 3495 1000 3584 adventu,
1020 3521 1081 3564 rex
1099 3497 1255 3591 impubes
1277 3497 1389 3568 Ptole·

311 3625 429 3691 maeus,
448 3627 489 3672 ex
507 3601 593 3672 illius
610 3603 730 3672 habitu
750 3603 920 3671 fortunam
942 3603 1148 3696 conjectans,
1166 3617 1200 3672 et
1219 3604 1333 3673 subita
1353 3631 1389 3674 re

312 3710 468 3779 turbatus
483 3736 493 3795 3
517 3710 599 3778 dum
624 3707 845 3782 tumultuario
863 3709 1001 3780 consilio
1018 3710 1099 3803 quid
1117 3708 1283 3805 agendum
1303 3725 1389 3784 esset

312 3831 494 3910 quereret,
514 3814 725 3904 consultore,
748 3818 777 3886 si
803 3817 877 3911 quis
897 3816 963 3886 tujt
982 3817 1175 3905 honestior,
1200 3816 1388 3910 spadonum

311 3921 544 3992 uilissimorum
561 3923 736 3992 hominum
755 3925 934 4012 sententia,
949 3937 1123 4018 superato,
1140 3948 1200 3992 seu
1217 3938 1310 3992 metu
1323 3927 1389 3992 Ro

311 4054 505 4116 manorum,
529 4043 566 4098 ut
587 4055 622 4100 se
644 4045 840 4100 excusantes
861 4044 938 4126 post
959 4030 1128 4118 dicebant,
1143 4056 1202 4099 seu
1222 4029 1293 4099 sola
1313 4055 1388 4125 per·

311 4135 389 4206 lidia
403 4161 443 4207 ac
457 4151 650 4234 contemptu
664 4138 754 4236 ejus,
765 4138 866 4208 iidem
881 4163 1037 4232 spernere
1049 4151 1084 4208 et
1091 4152 1231 4232 captare
1244 4138 1387 4233 gaham
