3000 5025
245 473 308 544 ¹72
472 450 501 515 J.
531 446 689 517 causr
718 444 1113 525 c‘ouunumnu

261 580 418 675 cognosci
438 594 608 673 poterant,
629 582 699 673 ipse
730 580 765 646 in
792 594 978 647 extremum
1007 574 1123 647 Galliae
1153 576 1336 672 angulum,

261 686 502 756 undebrevior'
514 688 549 753 in
565 686 770 755 Britanniam
784 700 842 753 est·
851 687 1024 773 transitus,
1039 710 1105 778 quo
1116 684 1186 777 jam
1203 710 1238 768 se
1256 710 1335 754 eum

261 794 407 863 exercitu
431 790 632 880 contulerat,
651 792 789 861 classem
812 816 946 859 omnem
965 792 1118 859 contrahi
1129 793 1289 885 imperat3
1302 806 1338 860 et

262 924 328 993 qua
354 902 484 968 Veneto
513 900 547 966 in
571 897 659 967 bello
684 922 764 967 usus
792 912 885 985 erat,
914 923 1003 967 anno
1028 897 1152 986 altero;
1183 913 1217 966 et
1242 909 1339 991 quae,

262 1006 377 1074 amicis
400 1029 441 1072 ex
463 1005 652 1099 regionibus
674 1007 807 1073 interim
831 1004 982 1091 redacta,
1005 1007 1173 1097 ingentem
1199 1003 1336 1098 navium

260 1135 440 1181 numerum
461 1109 659 1205 expleverat.
681 1114 725 1179 Et
741 1112 812 1204 jam
834 1112 923 1180 fama
948 1112 1179 1179 Romanorum
1208 1136 1228 1178 a
1250 1114 1336 1180 Ger·

261 1220 367 1285 manis
386 1219 585 1285 transiverat
606 1217 649 1286 ad
672 1220 868 1306 Britannos,
890 1232 924 1285 et
945 1242 1090 1311 praesens
1119 1219 1256 1312 insuper
1277 1242 1337 1312 ap-

260 1338 396 1418 paratus
418 1322 483 1393 late
505 1340 631 1393 metum
659 1339 834 1419 sparserat.
857 1327 974 1417 Itaque
1006 1324 1187 1392 multarum
1221 1323 1341 1393 insulae

262 1432 435 1505 civitatum
456 1432 565 1498 nuntii
586 1434 752 1501 Caesarem
773 1431 916 1519 adeunt,
931 1445 965 1499 et
983 1430 1112 1499 obsides
1131 1445 1165 1499 et
1185 1430 1340 1499 obedien·

261 1538 342 1604 tiam
369 1538 631 1630 promittentes:
658 1538 721 1606 hos
748 1538 891 1633 benigne
924 1538 1125 1631 suscipiens,
1159 1552 1193 1617 et
1220 1527 1339 1607 sereno

262 1642 358 1711 vultu
379 1656 413 1711 et
433 1644 505 1711 miti
526 1646 675 1712 oratione
693 1647 925 1738 prosequitur3
946 1643 1099 1713 hortatus
1127 1659 1165 1711 ut
1193 1646 1227 1711 in
1259 1668 1340 1738 pro·

264 1752 373 1843 posito
392 1764 620 1843 perseverent,
639 1750 778 1819 domum
792 1752 946 1837 remittit,
963 1765 1087 1818 etcum
1100 1750 1222 1819 eisdem
1240 1752 1341 1818 Corn·

263 1858 387 1941 mium,
402 1854 529 1923 consilii
546 1858 657 1949 magni
671 1858 797 1943 virum,
810 1858 909 1950 inque
927 1858 994 1924 oris
1011 1854 1073 1924 illis
1086 1856 1241 1925 omuibus
1260 1880 1340 1925 auc·

263 1963 405 2031 toritatis
415 1962 586 2029 eximiaeac
596 1976 768 2055 spectatae,
779 1963 905 2056 sibique
915 1962 1126 2050 fidissimum,
1139 1976 1177 2031 ut
1192 1962 1340 2031 rebatur.

264 2070 343 2156 Quo
365 2069 484 2134 merito
509 2067 723 2137 Atrebatibus
745 2070 841 2137 vietis
863 2094 976 2163 regern
996 2067 1091 2137 illum
1110 2072 1340 2163 imposuerat:

263 2199 325 2269 per
346 2198 445 2266 quem
467 2172 605 2241 urbibus
628 2176 826 2242 Britannicis
852 2173 1051 2269 persuadere
1071 2177 1209 2262 nititur,
1230 2189 1269 2243 ut
1290 2202 1343 2244 ro-

150 2316 153 2321 ·
263 2304 371 2349 manae
389 2279 466 2347 fidei
487 2304 522 2348 se
543 2282 770 2368 committant,
789 2306 952 2375 suumque
973 2280 1036 2349 illis
1053 2284 1184 2350 nuntiet
1213 2281 1340 2350 adven·

264 2402 345 2456 tum.
369 2388 544 2455 Venerunt
566 2400 599 2455 et
621 2410 749 2481 magnae
765 2389 868 2481 partis
887 2389 1097 2456 Morinorum
1117 2390 1224 2457 nuntii
1238 2413 1340 2457 excu-

265 2508 374 2563 santes
409 2518 474 2562 suae
512 2494 618 2587 gentis
649 2492 820 2583 errorem,
856 2493 947 2588 quod
982 2494 1140 2565 adversus
1176 2478 1341 2590 po'pulum

264 2625 441 2672 romanum
468 2616 606 2695 propter
631 2625 724 2675 suam
749 2603 937 2695 imperitam
965 2626 1004 2670 ac
1026 2602 1195 2672 turbidam
1217 2603 1339 2671 barba·

265 2710 347 2781 riem
372 2705 601 2796 rebellassent,
623 2731 756 2776 morum
777 2710 875 2797 vitio,
896 2733 965 2776 non
984 2709 1062 2777 o'dio
1084 2711 1292 2797 animorum„
1306 2725 1341 2779 et

263 2829 413 2909 petentes
432 2817 562 2883 veniam
579 2830 613 2884 et
625 2816 857 2908 poenitentiam
874 2814 1061 2884 offerentes.
1085 2815 1125 2884 Id
1144 2831 1341 2910 pergratum

205 2927 209 2934 '
266 2923 388 2991 Caesari
408 2920 488 3008 fuit,
510 2921 600 3015 quod
622 2923 656 2988 in
676 2923 882 2990 Britanniam
904 2924 1119 3010 transiturus,
1136 2921 1268 2991 'bellum
1288 2925 1340 2991 in·

264 3028 352 3100 vitus
370 3043 446 3121 post
468 3042 561 3121 terga
579 3028 776 3115 dimitteret,
798 3053 905 3121 neque
923 3053 1012 3096 eurae
1038 3029 1232 3098 britannica
1253 3054 1339 3122 prae·

264 3132 1341 3228 ferendumaliudexistimaret.Impositisigiturmultisobsidibus,

265 3242 368 3334 petita
388 3240 560 3324 concedit;
587 3240 690 3310 classe
713 3255 844 3328 autern,
871 3243 956 3310 sicut
987 3240 1149 3330 diximus,
1179 3241 1339 3329 collecta,

226 3414 229 3419 ,
264 3346 345 3418 dum
363 3347 405 3418 ad
423 3349 599 3417 transitum
620 3373 654 3418 se
676 3362 862 3442 praeparat,
883 3371 999 3415 euram
1020 3363 1137 3442 portus
1162 3372 1202 3417 ac
1227 3363 1340 3418 eusto-

265 3453 357 3548 diam
373 3453 490 3526 Publio
506 3453 650 3548 Sulpitio
666 3453 756 3521 Rufo
778 3455 976 3541 committit,
993 3479 1071 3522 cum
1088 3480 1147 3542 eo,
1165 3455 1255 3548 quod
1270 3456 1340 3524 suf·

265 3559 365 3627 ficere
382 3561 491 3630 visum
509 3575 572 3649 est,
595 3559 747 3655 praesidio
764 3585 771 3626 :
790 3560 959 3628 residuum
977 3564 1150 3656 copiarum
1168 3564 1203 3629 in
1221 3565 1340 3631 Mena·

265 3667 338 3759 pios
361 3667 480 3754 mittit,
507 3682 605 3760 atque
639 3667 673 3733 in
705 3689 780 3734 eam
815 3681 959 3760 partein
980 3670 1213 3757 Morinorum,
1249 3669 1340 3737 unde

244 3763 375 3866 ¹(quod
397 3771 583 3843 rebellionis
601 3771 760 3840 indicium
780 3768 987 3867 apparebat)
1002 3773 1083 3842 nulli
1101 3775 1236 3843 adeum
1253 3799 1340 3843 nun·

264 3879 301 3946 tii
316 3881 483 3949 venissent
498 3905 504 3950 :
528 3879 579 3948 his
596 3879 762 3946 Titurium
785 3881 944 3948 Sabinum
959 3895 993 3950 et
1007 3883 1149 3950 Lucium
1162 3883 1339 3950 Auruncu·

263 3983 365 4054 leium
385 3989 518 4054 Cottam
537 3984 691 4078 praefecit.
715 3988 796 4054 Dies
812 3989 938 4056 interea
955 3990 1157 4082 navigationi
1173 4003 1271 4082 aptus
1290 3983 1340 4056 af·

263 4089 344 4180 fuit3
357 4117 523 4214 qpumque
540 4092 581 4164 de
593 4091 703 4164 littore
716 4093 854 4188 gallico,
869 4095 1035 4188 profunda
1046 4109 1162 4183 nocte,
1174 4094 1341 4180 solvisset,
