<?xml version="1.0" encoding="UTF-8"?>
<!DOCTYPE html PUBLIC "-//W3C//DTD XHTML 1.0 Transitional//EN"
    "http://www.w3.org/TR/xhtml1/DTD/xhtml1-transitional.dtd">
<html xmlns="http://www.w3.org/1999/xhtml" xml:lang="en" lang="en">
 <head>
  <title>
</title>
<meta http-equiv="Content-Type" content="text/html;charset=utf-8" />
  <meta name='ocr-system' content='tesseract 3.04.00' />
  <meta name='ocr-capabilities' content='ocr_page ocr_carea ocr_par ocr_line ocrx_word'/>
</head>
<body>
  <div class='ocr_page' id='page_1' title='image "./caiusjuliuscsar00unkngoog_0511.png"; bbox 0 0 3000 5025; ppageno 0'>
   <div class='ocr_carea' id='block_1_1' title="bbox 322 553 1089 648">
    <p class='ocr_par' dir='ltr' id='par_1_1' title="bbox 322 553 1089 648">
     <span class='ocr_line' id='line_1_1' title="bbox 322 553 1089 648; baseline -0.003 -24"><span class='ocrx_word' id='word_1_1' title='bbox 322 556 399 648; x_wconf 74' lang='lat'>470</span> <span class='ocrx_word' id='word_1_2' title='bbox 605 553 1089 624; x_wconf 77' lang='lat' dir='ltr'>e.JUL110AESAR18</span> 
     </span>
    </p>
   </div>
   <div class='ocr_carea' id='block_1_2' title="bbox 220 676 1479 4184">
    <p class='ocr_par' dir='ltr' id='par_1_2' title="bbox 220 676 1389 3545">
     <span class='ocr_line' id='line_1_2' title="bbox 324 676 1388 780; baseline -0.002 -30"><span class='ocrx_word' id='word_1_3' title='bbox 324 709 377 752; x_wconf 88' lang='grc' dir='ltr'>ται</span> <span class='ocrx_word' id='word_1_4' title='bbox 392 682 495 778; x_wconf 76' lang='grc' dir='ltr'>ρήρῳ.</span> <span class='ocrx_word' id='word_1_5' title='bbox 509 687 599 759; x_wconf 89' lang='grc' dir='ltr'>Αύτη</span> <span class='ocrx_word' id='word_1_6' title='bbox 620 676 650 751; x_wconf 90' lang='grc' dir='ltr'>δ’</span> <span class='ocrx_word' id='word_1_7' title='bbox 665 689 694 753; x_wconf 81' lang='grc' dir='ltr'>έν</span> <span class='ocrx_word' id='word_1_8' title='bbox 714 683 942 780; x_wconf 73' lang='grc' dir='ltr'>τῇΒρηταννίορ</span> <span class='ocrx_word' id='word_1_9' title='bbox 957 685 1127 778; x_wconf 80' lang='grc' dir='ltr'>ιὺρεθῆναι,</span> <span class='ocrx_word' id='word_1_10' title='bbox 1142 683 1196 755; x_wconf 88' lang='grc' dir='ltr'>καὶ</span> <span class='ocrx_word' id='word_1_11' title='bbox 1210 683 1338 751; x_wconf 81' lang='grc' dir='ltr'>ε’ντεῦθεν</span> <span class='ocrx_word' id='word_1_12' title='bbox 1350 681 1388 760; x_wconf 89' lang='grc' dir='ltr'>είς</span> 
     </span>
     <span class='ocr_line' id='line_1_3' title="bbox 324 782 1389 886; baseline -0.002 -30"><span class='ocrx_word' id='word_1_13' title='bbox 324 792 380 864; x_wconf 75' lang='grc' dir='ltr'>τήν</span> <span class='ocrx_word' id='word_1_14' title='bbox 401 791 558 858; x_wconf 82' lang='grc' dir='ltr'>Γαλατίαν</span> <span class='ocrx_word' id='word_1_15' title='bbox 580 782 827 886; x_wconf 79' lang='grc' dir='ltr'>διαροιτῆσαι,ή</span> <span class='ocrx_word' id='word_1_16' title='bbox 846 783 1035 858; x_wconf 89' lang='grc' dir='ltr'>διδασκαλία</span> <span class='ocrx_word' id='word_1_17' title='bbox 1054 793 1190 886; x_wconf 88' lang='grc' dir='ltr'>λέγεται·</span> <span class='ocrx_word' id='word_1_18' title='bbox 1208 793 1264 868; x_wconf 78' lang='grc' dir='ltr'>ὦς’</span> <span class='ocrx_word' id='word_1_19' title='bbox 1282 792 1326 857; x_wconf 86' lang='grc' dir='ltr'>ἔτι</span> <span class='ocrx_word' id='word_1_20' title='bbox 1342 787 1389 855; x_wconf 85' lang='grc' dir='ltr'>καὶ</span> 
     </span>
     <span class='ocr_line' id='line_1_4' title="bbox 321 893 1387 992; baseline 0.001 -31"><span class='ocrx_word' id='word_1_21' title='bbox 321 906 373 963; x_wconf 91' lang='grc' dir='ltr'>νῦν</span> <span class='ocrx_word' id='word_1_22' title='bbox 394 898 422 964; x_wconf 88' lang='grc' dir='ltr'>οἱ</span> <span class='ocrx_word' id='word_1_23' title='bbox 441 899 558 972; x_wconf 90' lang='grc' dir='ltr'>ταύτην</span> <span class='ocrx_word' id='word_1_24' title='bbox 572 893 703 992; x_wconf 75' lang='grc' dir='ltr'>ἀκριύῶς</span> <span class='ocrx_word' id='word_1_25' title='bbox 718 897 877 991; x_wconf 73' lang='grc' dir='ltr'>μανθάνειν</span> <span class='ocrx_word' id='word_1_26' title='bbox 897 898 1055 981; x_wconf 83' lang='grc' dir='ltr'>θέλοντες,</span> <span class='ocrx_word' id='word_1_27' title='bbox 1070 897 1110 977; x_wconf 86' lang='grc' dir='ltr'>εἰς</span> <span class='ocrx_word' id='word_1_28' title='bbox 1129 900 1188 971; x_wconf 81' lang='grc' dir='ltr'>τήν</span> <span class='ocrx_word' id='word_1_29' title='bbox 1210 893 1387 989; x_wconf 86' lang='grc' dir='ltr'>Βρηταννίαν</span> 
     </span>
     <span class='ocr_line' id='line_1_5' title="bbox 321 1029 1235 1076; baseline 0 -8"><span class='ocrx_word' id='word_1_30' title='bbox 321 1029 457 1072; x_wconf 89' lang='grc' dir='ltr'>απιασιν.</span> <span class='ocrx_word' id='word_1_31' title='bbox 1222 1058 1235 1076; x_wconf 79' lang='grc'>,</span> 
     </span>
     <span class='ocr_line' id='line_1_6' title="bbox 375 1102 1386 1204; baseline -0.002 -28"><span class='ocrx_word' id='word_1_32' title='bbox 375 1111 467 1179; x_wconf 88' lang='lat' dir='ltr'>XIV.</span> <span class='ocrx_word' id='word_1_33' title='bbox 485 1110 527 1176; x_wconf 89' lang='grc' dir='ltr'>Οί</span> <span class='ocrx_word' id='word_1_34' title='bbox 545 1102 580 1179; x_wconf 77' lang='grc' dir='ltr'>δὲ</span> <span class='ocrx_word' id='word_1_35' title='bbox 599 1102 744 1204; x_wconf 88' lang='grc' dir='ltr'>Δρουίδαι</span> <span class='ocrx_word' id='word_1_36' title='bbox 758 1112 829 1178; x_wconf 80' lang='grc' dir='ltr'>οὔτε</span> <span class='ocrx_word' id='word_1_37' title='bbox 849 1114 879 1190; x_wconf 82' lang='grc' dir='ltr'>ἀς</span> <span class='ocrx_word' id='word_1_38' title='bbox 894 1112 948 1177; x_wconf 86' lang='grc' dir='ltr'>τὸν</span> <span class='ocrx_word' id='word_1_39' title='bbox 968 1111 1102 1203; x_wconf 74' lang='grc' dir='ltr'>πόλεμον</span> <span class='ocrx_word' id='word_1_40' title='bbox 1125 1103 1308 1204; x_wconf 74' lang='grc' dir='ltr'>ἐξορμῶσιν,</span> <span class='ocrx_word' id='word_1_41' title='bbox 1322 1109 1386 1175; x_wconf 88' lang='grc' dir='ltr'>ούτε</span> 
     </span>
     <span class='ocr_line' id='line_1_7' title="bbox 323 1206 1385 1311; baseline -0.003 -29"><span class='ocrx_word' id='word_1_42' title='bbox 323 1206 462 1308; x_wconf 86' lang='grc' dir='ltr'>δασμὸν,</span> <span class='ocrx_word' id='word_1_43' title='bbox 484 1223 523 1295; x_wconf 85' lang='grc' dir='ltr'>ὡς</span> <span class='ocrx_word' id='word_1_44' title='bbox 542 1218 571 1284; x_wconf 85' lang='grc' dir='ltr'>οἱ</span> <span class='ocrx_word' id='word_1_45' title='bbox 589 1217 699 1302; x_wconf 79' lang='grc' dir='ltr'>ἄλλοι,</span> <span class='ocrx_word' id='word_1_46' title='bbox 718 1224 868 1285; x_wconf 76' lang='grc' dir='ltr'>τελοῦσιν·</span> <span class='ocrx_word' id='word_1_47' title='bbox 883 1215 964 1284; x_wconf 85' lang='grc' dir='ltr'>ἀλλά</span> <span class='ocrx_word' id='word_1_48' title='bbox 978 1215 1124 1311; x_wconf 83' lang='grc' dir='ltr'>ςρατείας</span> <span class='ocrx_word' id='word_1_49' title='bbox 1138 1243 1194 1299; x_wconf 90' lang='grc' dir='ltr'>τε,</span> <span class='ocrx_word' id='word_1_50' title='bbox 1208 1215 1259 1283; x_wconf 87' lang='grc' dir='ltr'>καὶ</span> <span class='ocrx_word' id='word_1_51' title='bbox 1271 1215 1385 1283; x_wconf 89' lang='grc' dir='ltr'>πάντων</span> 
     </span>
     <span class='ocr_line' id='line_1_8' title="bbox 248 1319 1384 1418; baseline 0 -30"><span class='ocrx_word' id='word_1_52' title='bbox 248 1323 254 1336; x_wconf 87' lang='grc'><em>’</em></span> <span class='ocrx_word' id='word_1_53' title='bbox 320 1332 382 1388; x_wconf 82' lang='grc' dir='ltr'>τῶν</span> <span class='ocrx_word' id='word_1_54' title='bbox 400 1319 520 1406; x_wconf 84' lang='grc' dir='ltr'>σίλλων,</span> <span class='ocrx_word' id='word_1_55' title='bbox 534 1321 573 1391; x_wconf 86' lang='grc' dir='ltr'>ὧν</span> <span class='ocrx_word' id='word_1_56' title='bbox 596 1327 638 1417; x_wconf 79' lang='grc' dir='ltr'>μή</span> <span class='ocrx_word' id='word_1_57' title='bbox 661 1319 854 1406; x_wconf 73' lang='grc' dir='ltr'>ύουλωνται,</span> <span class='ocrx_word' id='word_1_58' title='bbox 874 1323 946 1390; x_wconf 83' lang='grc' dir='ltr'>εἰσὶν</span> <span class='ocrx_word' id='word_1_59' title='bbox 968 1324 1126 1418; x_wconf 80' lang='grc' dir='ltr'>ἐλεύθεροι·</span> <span class='ocrx_word' id='word_1_60' title='bbox 1151 1328 1213 1400; x_wconf 82' lang='grc' dir='ltr'>ὥςε</span> <span class='ocrx_word' id='word_1_61' title='bbox 1237 1325 1384 1400; x_wconf 78' lang='grc' dir='ltr'>τοσούτοις</span> 
     </span>
     <span class='ocr_line' id='line_1_9' title="bbox 319 1429 1385 1524; baseline -0.003 -28"><span class='ocrx_word' id='word_1_62' title='bbox 319 1431 553 1524; x_wconf 79' lang='grc' dir='ltr'>ίποτρυνόμενοι</span> <span class='ocrx_word' id='word_1_63' title='bbox 565 1430 704 1524; x_wconf 77' lang='grc' dir='ltr'>ἀγαθοῖς,</span> <span class='ocrx_word' id='word_1_64' title='bbox 716 1431 880 1498; x_wconf 78' lang='grc' dir='ltr'>ἐθελούσιοι</span> <span class='ocrx_word' id='word_1_65' title='bbox 891 1429 1002 1498; x_wconf 85' lang='grc' dir='ltr'>πολλοὶ</span> <span class='ocrx_word' id='word_1_66' title='bbox 1015 1430 1066 1497; x_wconf 82' lang='grc' dir='ltr'>ἐπὶ</span> <span class='ocrx_word' id='word_1_67' title='bbox 1087 1431 1125 1497; x_wconf 89' lang='grc' dir='ltr'>τὸ</span> <span class='ocrx_word' id='word_1_68' title='bbox 1146 1429 1303 1521; x_wconf 79' lang='grc' dir='ltr'>μανθάνειν</span> <span class='ocrx_word' id='word_1_69' title='bbox 1322 1454 1385 1494; x_wconf 87' lang='grc' dir='ltr'>ουν-</span> 
     </span>
     <span class='ocr_line' id='line_1_10' title="bbox 320 1529 1384 1632; baseline -0.003 -29"><span class='ocrx_word' id='word_1_70' title='bbox 320 1537 478 1627; x_wconf 84' lang='grc' dir='ltr'>ίρχονται,</span> <span class='ocrx_word' id='word_1_71' title='bbox 487 1540 597 1605; x_wconf 90' lang='grc' dir='ltr'>πολλοὶ</span> <span class='ocrx_word' id='word_1_72' title='bbox 611 1529 711 1605; x_wconf 81' lang='grc' dir='ltr'>δὲκαὶ</span> <span class='ocrx_word' id='word_1_73' title='bbox 726 1538 786 1604; x_wconf 81' lang='grc' dir='ltr'>ὑπὸ</span> <span class='ocrx_word' id='word_1_74' title='bbox 800 1547 863 1602; x_wconf 88' lang='grc' dir='ltr'>τῶν</span> <span class='ocrx_word' id='word_1_75' title='bbox 876 1539 988 1632; x_wconf 82' lang='grc' dir='ltr'>γονέων</span> <span class='ocrx_word' id='word_1_76' title='bbox 1002 1538 1189 1629; x_wconf 85' lang='grc' dir='ltr'>πέμπονται·</span> <span class='ocrx_word' id='word_1_77' title='bbox 1203 1535 1255 1602; x_wconf 88' lang='grc' dir='ltr'>καὶ</span> <span class='ocrx_word' id='word_1_78' title='bbox 1266 1534 1384 1602; x_wconf 80' lang='grc' dir='ltr'>ἀνταῦθα</span> 
     </span>
     <span class='ocr_line' id='line_1_11' title="bbox 320 1641 1383 1738; baseline -0.004 -29"><span class='ocrx_word' id='word_1_79' title='bbox 320 1641 399 1709; x_wconf 84' lang='grc' dir='ltr'>πολὺ</span> <span class='ocrx_word' id='word_1_80' title='bbox 409 1643 488 1709; x_wconf 78' lang='grc' dir='ltr'>ἐπῶν</span> <span class='ocrx_word' id='word_1_81' title='bbox 501 1644 615 1723; x_wconf 81' lang='grc' dir='ltr'>πλῆθος</span> <span class='ocrx_word' id='word_1_82' title='bbox 628 1642 821 1737; x_wconf 77' lang='grc' dir='ltr'>ἐκμανθάνειν</span> <span class='ocrx_word' id='word_1_83' title='bbox 830 1646 987 1738; x_wconf 85' lang='grc' dir='ltr'>λέγονται·</span> <span class='ocrx_word' id='word_1_84' title='bbox 1003 1648 1065 1720; x_wconf 83' lang='grc' dir='ltr'>ὥςε</span> <span class='ocrx_word' id='word_1_85' title='bbox 1079 1641 1132 1710; x_wconf 86' lang='grc' dir='ltr'>καὶ</span> <span class='ocrx_word' id='word_1_86' title='bbox 1145 1643 1200 1716; x_wconf 82' lang='grc' dir='ltr'>έτη</span> <span class='ocrx_word' id='word_1_87' title='bbox 1216 1645 1274 1710; x_wconf 85' lang='grc' dir='ltr'>ὂλα</span> <span class='ocrx_word' id='word_1_88' title='bbox 1286 1642 1383 1708; x_wconf 84' lang='grc' dir='ltr'>εἴκοσιν</span> 
     </span>
     <span class='ocr_line' id='line_1_12' title="bbox 275 1739 1382 1843; baseline -0.004 -28"><span class='ocrx_word' id='word_1_89' title='bbox 275 1787 278 1792; x_wconf 90' lang='grc'><em>·</em></span> <span class='ocrx_word' id='word_1_90' title='bbox 319 1749 350 1815; x_wconf 78' lang='grc' dir='ltr'>ἐν</span> <span class='ocrx_word' id='word_1_91' title='bbox 365 1756 406 1840; x_wconf 82' lang='grc' dir='ltr'>τῇ</span> <span class='ocrx_word' id='word_1_92' title='bbox 421 1739 538 1842; x_wconf 76' lang='grc' dir='ltr'>διδαχῇ</span> <span class='ocrx_word' id='word_1_93' title='bbox 554 1751 626 1818; x_wconf 86' lang='grc' dir='ltr'>ἔνιοι</span> <span class='ocrx_word' id='word_1_94' title='bbox 640 1742 843 1818; x_wconf 71' lang='grc' dir='ltr'>διατελοῦσιν·</span> <span class='ocrx_word' id='word_1_95' title='bbox 863 1751 892 1816; x_wconf 86' lang='grc' dir='ltr'>οἱ</span> <span class='ocrx_word' id='word_1_96' title='bbox 910 1749 965 1843; x_wconf 80' lang='grc' dir='ltr'>μὲν</span> <span class='ocrx_word' id='word_1_97' title='bbox 984 1747 1044 1843; x_wconf 77' lang='grc' dir='ltr'>γὰρ</span> <span class='ocrx_word' id='word_1_98' title='bbox 1058 1739 1222 1843; x_wconf 90' lang='grc' dir='ltr'>Δρουίδαι,</span> <span class='ocrx_word' id='word_1_99' title='bbox 1237 1747 1339 1841; x_wconf 87' lang='grc' dir='ltr'>καίπερ</span> <span class='ocrx_word' id='word_1_100' title='bbox 1357 1749 1382 1813; x_wconf 80' lang='grc' dir='ltr'>ἐν</span> 
     </span>
     <span class='ocr_line' id='line_1_13' title="bbox 319 1841 1382 1950; baseline -0.001 -30"><span class='ocrx_word' id='word_1_101' title='bbox 319 1860 384 1931; x_wconf 85' lang='grc' dir='ltr'>τοῖς</span> <span class='ocrx_word' id='word_1_102' title='bbox 401 1851 506 1933; x_wconf 87' lang='grc' dir='ltr'>ἀλλοις</span> <span class='ocrx_word' id='word_1_103' title='bbox 521 1856 618 1925; x_wconf 88' lang='grc' dir='ltr'>άπασι</span> <span class='ocrx_word' id='word_1_104' title='bbox 633 1849 792 1949; x_wconf 82' lang='grc' dir='ltr'>δημοσίοις</span> <span class='ocrx_word' id='word_1_105' title='bbox 805 1881 840 1922; x_wconf 89' lang='grc' dir='ltr'>τε</span> <span class='ocrx_word' id='word_1_106' title='bbox 855 1854 907 1923; x_wconf 87' lang='grc' dir='ltr'>καὶ</span> <span class='ocrx_word' id='word_1_107' title='bbox 916 1848 1003 1934; x_wconf 82' lang='grc' dir='ltr'>ἰδίοις</span> <span class='ocrx_word' id='word_1_108' title='bbox 1015 1854 1208 1950; x_wconf 78' lang='grc' dir='ltr'>πράγμασιν,</span> <span class='ocrx_word' id='word_1_109' title='bbox 1218 1841 1382 1930; x_wconf 58' lang='grc' dir='ltr'>Ἑλληνικοῖς</span> 
     </span>
     <span class='ocr_line' id='line_1_14' title="bbox 314 1959 1380 2057; baseline -0.003 -31"><span class='ocrx_word' id='word_1_110' title='bbox 314 1963 467 2053; x_wconf 82' lang='grc' dir='ltr'>χρώμενοι</span> <span class='ocrx_word' id='word_1_111' title='bbox 477 1961 670 2056; x_wconf 89' lang='grc' dir='ltr'>γράμμασιν,</span> <span class='ocrx_word' id='word_1_112' title='bbox 689 1971 793 2030; x_wconf 87' lang='grc' dir='ltr'>ταῦτα</span> <span class='ocrx_word' id='word_1_113' title='bbox 808 1966 867 2054; x_wconf 81' lang='grc' dir='ltr'>οὐχ</span> <span class='ocrx_word' id='word_1_114' title='bbox 883 1959 944 2030; x_wconf 87' lang='grc' dir='ltr'>οἷύν</span> <span class='ocrx_word' id='word_1_115' title='bbox 970 1964 1001 2028; x_wconf 85' lang='grc' dir='ltr'>τ’</span> <span class='ocrx_word' id='word_1_116' title='bbox 1022 1959 1098 2029; x_wconf 83' lang='grc' dir='ltr'>εἶναι</span> <span class='ocrx_word' id='word_1_117' title='bbox 1117 1963 1242 2057; x_wconf 78' lang='grc' dir='ltr'>γράφειν</span> <span class='ocrx_word' id='word_1_118' title='bbox 1261 1964 1380 2054; x_wconf 86' lang='grc' dir='ltr'>λέγουσι.</span> 
     </span>
     <span class='ocr_line' id='line_1_15' title="bbox 318 2058 1382 2160; baseline -0.003 -26"><span class='ocrx_word' id='word_1_119' title='bbox 318 2070 420 2134; x_wconf 84' lang='grc' dir='ltr'>Τοῦτο</span> <span class='ocrx_word' id='word_1_120' title='bbox 435 2058 471 2135; x_wconf 85' lang='grc' dir='ltr'>δὲ</span> <span class='ocrx_word' id='word_1_121' title='bbox 488 2060 571 2136; x_wconf 82' lang='grc' dir='ltr'>δυοῖν</span> <span class='ocrx_word' id='word_1_122' title='bbox 585 2069 690 2136; x_wconf 84' lang='grc' dir='ltr'>αἰτιῶν</span> <span class='ocrx_word' id='word_1_123' title='bbox 704 2073 793 2136; x_wconf 87' lang='grc' dir='ltr'>ἕνεκα</span> <span class='ocrx_word' id='word_1_124' title='bbox 802 2072 856 2135; x_wconf 79' lang='grc' dir='ltr'>ὑπ’</span> <span class='ocrx_word' id='word_1_125' title='bbox 870 2072 971 2136; x_wconf 81' lang='grc' dir='ltr'>αὐτῶν</span> <span class='ocrx_word' id='word_1_126' title='bbox 982 2068 1132 2136; x_wconf 88' lang='grc' dir='ltr'>ποιεῖσθαί</span> <span class='ocrx_word' id='word_1_127' title='bbox 1140 2094 1194 2160; x_wconf 89' lang='grc' dir='ltr'>μοι</span> <span class='ocrx_word' id='word_1_128' title='bbox 1208 2059 1299 2135; x_wconf 88' lang='grc' dir='ltr'>δοκεῖ·</span> <span class='ocrx_word' id='word_1_129' title='bbox 1313 2074 1382 2158; x_wconf 82' lang='grc' dir='ltr'>πρύ-</span> 
     </span>
     <span class='ocr_line' id='line_1_16' title="bbox 220 2166 1381 2269; baseline -0.003 -29"><span class='ocrx_word' id='word_1_130' title='bbox 220 2215 222 2219; x_wconf 66' lang='lat'>,</span> <span class='ocrx_word' id='word_1_131' title='bbox 318 2199 372 2240; x_wconf 90' lang='grc' dir='ltr'>τον</span> <span class='ocrx_word' id='word_1_132' title='bbox 388 2175 457 2268; x_wconf 79' lang='grc' dir='ltr'>μὲν,</span> <span class='ocrx_word' id='word_1_133' title='bbox 472 2177 513 2266; x_wconf 83' lang='grc' dir='ltr'><strong>μή</strong></span> <span class='ocrx_word' id='word_1_134' title='bbox 530 2183 612 2266; x_wconf 81' lang='grc' dir='ltr'>σφῶν</span> <span class='ocrx_word' id='word_1_135' title='bbox 627 2182 645 2250; x_wconf 84' lang='grc' dir='ltr'>ή</span> <span class='ocrx_word' id='word_1_136' title='bbox 667 2167 857 2242; x_wconf 85' lang='grc' dir='ltr'>διδασκαλία</span> <span class='ocrx_word' id='word_1_137' title='bbox 873 2167 1069 2269; x_wconf 74' lang='grc' dir='ltr'>δημοσιευθῇ·</span> <span class='ocrx_word' id='word_1_138' title='bbox 1083 2177 1192 2242; x_wconf 75' lang='grc' dir='ltr'>ἔπειτα</span> <span class='ocrx_word' id='word_1_139' title='bbox 1207 2166 1260 2257; x_wconf 82' lang='grc' dir='ltr'>δὲ,</span> <span class='ocrx_word' id='word_1_140' title='bbox 1274 2175 1314 2266; x_wconf 81' lang='grc' dir='ltr'>μή</span> <span class='ocrx_word' id='word_1_141' title='bbox 1326 2177 1381 2248; x_wconf 88' lang='grc' dir='ltr'>τοῖς</span> 
     </span>
     <span class='ocr_line' id='line_1_17' title="bbox 317 2272 1380 2378; baseline 0.005 -33"><span class='ocrx_word' id='word_1_142' title='bbox 317 2278 478 2378; x_wconf 88' lang='grc' dir='ltr'>γράμμασι</span> <span class='ocrx_word' id='word_1_143' title='bbox 497 2280 676 2374; x_wconf 72' lang='grc' dir='ltr'>θαρροῦντες</span> <span class='ocrx_word' id='word_1_144' title='bbox 697 2282 725 2348; x_wconf 88' lang='grc' dir='ltr'>οἱ</span> <span class='ocrx_word' id='word_1_145' title='bbox 746 2272 983 2373; x_wconf 83' lang='grc' dir='ltr'>διδασκόμενοι,</span> <span class='ocrx_word' id='word_1_146' title='bbox 1003 2279 1100 2355; x_wconf 85' lang='grc' dir='ltr'>ήττον</span> <span class='ocrx_word' id='word_1_147' title='bbox 1127 2289 1167 2373; x_wconf 78' lang='grc' dir='ltr'>τῇ</span> <span class='ocrx_word' id='word_1_148' title='bbox 1192 2291 1249 2358; x_wconf 79' lang='grc' dir='ltr'>τῆς</span> <span class='ocrx_word' id='word_1_149' title='bbox 1275 2282 1380 2373; x_wconf 79' lang='grc' dir='ltr'>μνήμης</span> 
     </span>
     <span class='ocr_line' id='line_1_18' title="bbox 317 2379 1379 2481; baseline -0.002 -29"><span class='ocrx_word' id='word_1_150' title='bbox 317 2385 444 2460; x_wconf 85' lang='grc' dir='ltr'>ἀσκήσει</span> <span class='ocrx_word' id='word_1_151' title='bbox 474 2379 680 2465; x_wconf 74' lang='grc' dir='ltr'>σπουδάζωσι·</span> <span class='ocrx_word' id='word_1_152' title='bbox 711 2389 838 2479; x_wconf 84' lang='grc' dir='ltr'>συχνοὺς</span> <span class='ocrx_word' id='word_1_153' title='bbox 866 2389 920 2479; x_wconf 84' lang='grc' dir='ltr'>μὲν</span> <span class='ocrx_word' id='word_1_154' title='bbox 948 2385 1009 2481; x_wconf 79' lang='grc' dir='ltr'>γὰρ</span> <span class='ocrx_word' id='word_1_155' title='bbox 1039 2387 1190 2464; x_wconf 81' lang='grc' dir='ltr'>πολλάκις</span> <span class='ocrx_word' id='word_1_156' title='bbox 1214 2381 1379 2479; x_wconf 78' lang='grc' dir='ltr'>συμύαίνει,</span> 
     </span>
     <span class='ocr_line' id='line_1_19' title="bbox 319 2485 1379 2587; baseline -0.002 -29"><span class='ocrx_word' id='word_1_157' title='bbox 319 2499 385 2570; x_wconf 90' lang='grc' dir='ltr'>τοῖς</span> <span class='ocrx_word' id='word_1_158' title='bbox 409 2493 570 2587; x_wconf 84' lang='grc' dir='ltr'>γράμμασι</span> <span class='ocrx_word' id='word_1_159' title='bbox 598 2493 801 2587; x_wconf 89' lang='grc' dir='ltr'>θαρροῦντας,</span> <span class='ocrx_word' id='word_1_160' title='bbox 826 2497 882 2569; x_wconf 91' lang='grc' dir='ltr'>τήν</span> <span class='ocrx_word' id='word_1_161' title='bbox 910 2521 946 2561; x_wconf 92' lang='grc' dir='ltr'>τε</span> <span class='ocrx_word' id='word_1_162' title='bbox 973 2501 1055 2587; x_wconf 80' lang='grc' dir='ltr'>σφῶν</span> <span class='ocrx_word' id='word_1_163' title='bbox 1088 2485 1245 2578; x_wconf 83' lang='grc' dir='ltr'>σπουδήν,</span> <span class='ocrx_word' id='word_1_164' title='bbox 1259 2491 1309 2561; x_wconf 85' lang='grc' dir='ltr'>καὶ</span> <span class='ocrx_word' id='word_1_165' title='bbox 1331 2493 1379 2565; x_wconf 78' lang='grc' dir='ltr'>τήν</span> 
     </span>
     <span class='ocr_line' id='line_1_20' title="bbox 320 2591 1379 2693; baseline 0 -30"><span class='ocrx_word' id='word_1_166' title='bbox 320 2601 441 2691; x_wconf 90' lang='grc' dir='ltr'>μνήμην</span> <span class='ocrx_word' id='word_1_167' title='bbox 462 2604 491 2667; x_wconf 83' lang='grc' dir='ltr'>ἐν</span> <span class='ocrx_word' id='word_1_168' title='bbox 512 2610 558 2687; x_wconf 85' lang='grc' dir='ltr'>τῷ</span> <span class='ocrx_word' id='word_1_169' title='bbox 580 2601 776 2692; x_wconf 79' lang='grc' dir='ltr'>ἐκμανθάνειν</span> <span class='ocrx_word' id='word_1_170' title='bbox 795 2602 919 2667; x_wconf 88' lang='grc' dir='ltr'>ἀνιέναι.</span> <span class='ocrx_word' id='word_1_171' title='bbox 940 2603 1071 2693; x_wconf 82' lang='grc' dir='ltr'>Πρῶτον</span> <span class='ocrx_word' id='word_1_172' title='bbox 1091 2591 1127 2667; x_wconf 87' lang='grc' dir='ltr'>δὲ</span> <span class='ocrx_word' id='word_1_173' title='bbox 1147 2611 1244 2668; x_wconf 90' lang='grc' dir='ltr'>τοῦτο</span> <span class='ocrx_word' id='word_1_174' title='bbox 1259 2600 1379 2667; x_wconf 83' lang='grc' dir='ltr'>θελουσιν</span> 
     </span>
     <span class='ocr_line' id='line_1_21' title="bbox 318 2698 1380 2799; baseline -0.002 -26"><span class='ocrx_word' id='word_1_175' title='bbox 318 2705 347 2773; x_wconf 85' lang='grc' dir='ltr'>οἱ</span> <span class='ocrx_word' id='word_1_176' title='bbox 366 2698 511 2799; x_wconf 88' lang='grc' dir='ltr'>Δρουίδαι</span> <span class='ocrx_word' id='word_1_177' title='bbox 534 2706 723 2792; x_wconf 87' lang='grc' dir='ltr'>ἀναπείθειν,</span> <span class='ocrx_word' id='word_1_178' title='bbox 751 2714 791 2784; x_wconf 87' lang='grc' dir='ltr'>ὡς</span> <span class='ocrx_word' id='word_1_179' title='bbox 819 2710 875 2774; x_wconf 87' lang='grc' dir='ltr'>οῦκ</span> <span class='ocrx_word' id='word_1_180' title='bbox 897 2706 1125 2781; x_wconf 84' lang='grc' dir='ltr'>ἀποθνήσκουσι</span> <span class='ocrx_word' id='word_1_181' title='bbox 1144 2708 1198 2799; x_wconf 83' lang='grc' dir='ltr'>μὲν</span> <span class='ocrx_word' id='word_1_182' title='bbox 1226 2706 1259 2774; x_wconf 86' lang='grc' dir='ltr'>αἱ</span> <span class='ocrx_word' id='word_1_183' title='bbox 1283 2703 1380 2798; x_wconf 80' lang='grc' dir='ltr'>ψυχαὶ,</span> 
     </span>
     <span class='ocr_line' id='line_1_22' title="bbox 317 2810 1379 2906; baseline 0 -29"><span class='ocrx_word' id='word_1_184' title='bbox 317 2810 386 2878; x_wconf 87' lang='grc' dir='ltr'>ἀλλ’</span> <span class='ocrx_word' id='word_1_185' title='bbox 406 2813 460 2880; x_wconf 87' lang='grc' dir='ltr'>ἀπ’</span> <span class='ocrx_word' id='word_1_186' title='bbox 479 2810 583 2881; x_wconf 88' lang='grc' dir='ltr'>ἀλλων</span> <span class='ocrx_word' id='word_1_187' title='bbox 606 2815 681 2905; x_wconf 87' lang='grc' dir='ltr'>πρὸς</span> <span class='ocrx_word' id='word_1_188' title='bbox 710 2811 823 2891; x_wconf 85' lang='grc' dir='ltr'>ἀλλους</span> <span class='ocrx_word' id='word_1_189' title='bbox 846 2811 927 2904; x_wconf 84' lang='grc' dir='ltr'>μετὰ</span> <span class='ocrx_word' id='word_1_190' title='bbox 948 2814 1002 2880; x_wconf 84' lang='grc' dir='ltr'>τὸν</span> <span class='ocrx_word' id='word_1_191' title='bbox 1030 2813 1163 2880; x_wconf 88' lang='grc' dir='ltr'>θάνατον</span> <span class='ocrx_word' id='word_1_192' title='bbox 1183 2813 1379 2906; x_wconf 86' lang='grc' dir='ltr'>μεθίστανται·</span> 
     </span>
     <span class='ocr_line' id='line_1_23' title="bbox 316 2910 1381 3014; baseline -0.002 -30"><span class='ocrx_word' id='word_1_193' title='bbox 316 2927 412 2986; x_wconf 89' lang='grc' dir='ltr'>τοῦτο</span> <span class='ocrx_word' id='word_1_194' title='bbox 434 2920 554 3011; x_wconf 76' lang='grc' dir='ltr'>μαλιςα</span> <span class='ocrx_word' id='word_1_195' title='bbox 582 2920 655 2997; x_wconf 86' lang='grc' dir='ltr'>τοὺς</span> <span class='ocrx_word' id='word_1_196' title='bbox 676 2920 849 3011; x_wconf 83' lang='grc' dir='ltr'>ἀνθρώπους</span> <span class='ocrx_word' id='word_1_197' title='bbox 868 2921 945 3013; x_wconf 87' lang='grc' dir='ltr'>πρὸς</span> <span class='ocrx_word' id='word_1_198' title='bbox 964 2910 1170 3013; x_wconf 87' lang='grc' dir='ltr'>ἀνδραγαθίαν</span> <span class='ocrx_word' id='word_1_199' title='bbox 1195 2922 1381 3014; x_wconf 88' lang='grc' dir='ltr'>παροτρύνειν</span> 
     </span>
     <span class='ocr_line' id='line_1_24' title="bbox 317 3016 1383 3119; baseline 0.002 -29"><span class='ocrx_word' id='word_1_200' title='bbox 317 3026 499 3117; x_wconf 88' lang='grc' dir='ltr'>ήγούμενοι,</span> <span class='ocrx_word' id='word_1_201' title='bbox 516 3029 564 3093; x_wconf 85' lang='grc' dir='ltr'>ύτι</span> <span class='ocrx_word' id='word_1_202' title='bbox 579 3036 637 3092; x_wconf 88' lang='grc' dir='ltr'>τοῦ</span> <span class='ocrx_word' id='word_1_203' title='bbox 656 3026 790 3093; x_wconf 92' lang='grc' dir='ltr'>θανάτου</span> <span class='ocrx_word' id='word_1_204' title='bbox 809 3036 1046 3119; x_wconf 78' lang='grc' dir='ltr'>καταφρονοῦσι.</span> <span class='ocrx_word' id='word_1_205' title='bbox 1063 3024 1174 3093; x_wconf 81' lang='grc' dir='ltr'>Πολλὰ</span> <span class='ocrx_word' id='word_1_206' title='bbox 1195 3016 1230 3092; x_wconf 84' lang='grc' dir='ltr'>δὲ</span> <span class='ocrx_word' id='word_1_207' title='bbox 1249 3025 1383 3118; x_wconf 82' lang='grc' dir='ltr'>καὶπρὸς</span> 
     </span>
     <span class='ocr_line' id='line_1_25' title="bbox 317 3130 1383 3225; baseline 0.003 -30"><span class='ocrx_word' id='word_1_208' title='bbox 317 3132 442 3210; x_wconf 79' lang='grc' dir='ltr'>τούτοις</span> <span class='ocrx_word' id='word_1_209' title='bbox 456 3132 526 3223; x_wconf 88' lang='grc' dir='ltr'>περί</span> <span class='ocrx_word' id='word_1_210' title='bbox 538 3158 573 3198; x_wconf 89' lang='grc' dir='ltr'>τε</span> <span class='ocrx_word' id='word_1_211' title='bbox 588 3141 651 3198; x_wconf 87' lang='grc' dir='ltr'>τῶν</span> <span class='ocrx_word' id='word_1_212' title='bbox 666 3133 804 3223; x_wconf 84' lang='grc' dir='ltr'>ἀςέρων,</span> <span class='ocrx_word' id='word_1_213' title='bbox 818 3130 870 3198; x_wconf 83' lang='grc' dir='ltr'>καὶ</span> <span class='ocrx_word' id='word_1_214' title='bbox 887 3141 944 3209; x_wconf 75' lang='grc' dir='ltr'>τῆς</span> <span class='ocrx_word' id='word_1_215' title='bbox 963 3131 1082 3203; x_wconf 80' lang='grc' dir='ltr'>ἐκείνων</span> <span class='ocrx_word' id='word_1_216' title='bbox 1098 3135 1261 3215; x_wconf 82' lang='grc' dir='ltr'>κινήσεως,</span> <span class='ocrx_word' id='word_1_217' title='bbox 1276 3131 1383 3225; x_wconf 85' lang='grc' dir='ltr'>περίτι</span> 
     </span>
     <span class='ocr_line' id='line_1_26' title="bbox 317 3236 1382 3332; baseline -0.001 -30"><span class='ocrx_word' id='word_1_218' title='bbox 317 3246 373 3305; x_wconf 88' lang='grc' dir='ltr'>τοῦ</span> <span class='ocrx_word' id='word_1_219' title='bbox 383 3238 638 3331; x_wconf 86' lang='grc' dir='ltr'>κύσμου,καὶτοῦ</span> <span class='ocrx_word' id='word_1_220' title='bbox 648 3248 705 3316; x_wconf 83' lang='grc' dir='ltr'>τῆς</span> <span class='ocrx_word' id='word_1_221' title='bbox 715 3236 892 3330; x_wconf 85' lang='grc' dir='ltr'>οἰκουμένης</span> <span class='ocrx_word' id='word_1_222' title='bbox 902 3238 1056 3332; x_wconf 84' lang='grc' dir='ltr'>μεγέθους,</span> <span class='ocrx_word' id='word_1_223' title='bbox 1065 3237 1177 3331; x_wconf 90' lang='grc' dir='ltr'>περίτε</span> <span class='ocrx_word' id='word_1_224' title='bbox 1188 3247 1250 3304; x_wconf 82' lang='grc' dir='ltr'>τῶν</span> <span class='ocrx_word' id='word_1_225' title='bbox 1261 3246 1382 3329; x_wconf 85' lang='grc' dir='ltr'>ρυσικῖιν</span> 
     </span>
     <span class='ocr_line' id='line_1_27' title="bbox 316 3336 1383 3438; baseline 0.003 -29"><span class='ocrx_word' id='word_1_226' title='bbox 316 3346 526 3438; x_wconf 85' lang='grc' dir='ltr'>πραγμάτων,</span> <span class='ocrx_word' id='word_1_227' title='bbox 545 3344 597 3413; x_wconf 88' lang='grc' dir='ltr'>καὶ</span> <span class='ocrx_word' id='word_1_228' title='bbox 615 3354 671 3423; x_wconf 81' lang='grc' dir='ltr'>τῆς</span> <span class='ocrx_word' id='word_1_229' title='bbox 700 3353 758 3412; x_wconf 89' lang='grc' dir='ltr'>τοῦ</span> <span class='ocrx_word' id='word_1_230' title='bbox 783 3344 851 3411; x_wconf 87' lang='grc' dir='ltr'>θεοῦ</span> <span class='ocrx_word' id='word_1_231' title='bbox 879 3344 981 3436; x_wconf 72' lang='grc' dir='ltr'>ἰσχύος</span> <span class='ocrx_word' id='word_1_232' title='bbox 1009 3371 1043 3412; x_wconf 92' lang='grc' dir='ltr'>τε</span> <span class='ocrx_word' id='word_1_233' title='bbox 1062 3345 1114 3411; x_wconf 83' lang='grc' dir='ltr'>καὶ</span> <span class='ocrx_word' id='word_1_234' title='bbox 1133 3336 1291 3438; x_wconf 87' lang='grc' dir='ltr'>δυνάμεως</span> <span class='ocrx_word' id='word_1_235' title='bbox 1317 3346 1383 3438; x_wconf 83' lang='grc' dir='ltr'>πρὸς</span> 
     </span>
     <span class='ocr_line' id='line_1_28' title="bbox 318 3441 1245 3545; baseline 0.003 -31"><span class='ocrx_word' id='word_1_236' title='bbox 318 3446 470 3529; x_wconf 89' lang='grc' dir='ltr'>ἀλλήλους</span> <span class='ocrx_word' id='word_1_237' title='bbox 485 3444 701 3545; x_wconf 88' lang='grc' dir='ltr'>διαλέγονται,</span> <span class='ocrx_word' id='word_1_238' title='bbox 716 3450 769 3519; x_wconf 86' lang='grc' dir='ltr'>καὶ</span> <span class='ocrx_word' id='word_1_239' title='bbox 785 3455 851 3528; x_wconf 89' lang='grc' dir='ltr'>τοῖς</span> <span class='ocrx_word' id='word_1_240' title='bbox 866 3449 1019 3543; x_wconf 79' lang='grc' dir='ltr'>μαθηταῖς</span> <span class='ocrx_word' id='word_1_241' title='bbox 1035 3441 1245 3518; x_wconf 88' lang='grc' dir='ltr'>διδάσκουσιν.</span> 
     </span>
    </p>

    <p class='ocr_par' dir='ltr' id='par_1_3' title="bbox 315 3549 1382 3756">
     <span class='ocr_line' id='line_1_29' title="bbox 370 3549 1382 3651; baseline -0.001 -29"><span class='ocrx_word' id='word_1_242' title='bbox 370 3558 496 3626; x_wconf 67' lang='lat' dir='ltr'><strong>XV.O{</strong></span> <span class='ocrx_word' id='word_1_243' title='bbox 507 3549 589 3631; x_wconf 78' lang='grc' dir='ltr'>δὲδή</span> <span class='ocrx_word' id='word_1_244' title='bbox 605 3557 765 3639; x_wconf 86' lang='grc' dir='ltr'>ἱππεῖς,ήν</span> <span class='ocrx_word' id='word_1_245' title='bbox 781 3581 858 3623; x_wconf 88' lang='grc' dir='ltr'>ποτε</span> <span class='ocrx_word' id='word_1_246' title='bbox 869 3554 984 3649; x_wconf 70' lang='grc' dir='ltr'>χρείαῇ</span> <span class='ocrx_word' id='word_1_247' title='bbox 996 3556 1085 3642; x_wconf 79' lang='grc' dir='ltr'>τὶς,ἢ</span> <span class='ocrx_word' id='word_1_248' title='bbox 1100 3558 1235 3651; x_wconf 83' lang='grc' dir='ltr'>πολεμος</span> <span class='ocrx_word' id='word_1_249' title='bbox 1249 3558 1382 3651; x_wconf 83' lang='grc' dir='ltr'>γένηται,</span> 
     </span>
     <span class='ocr_line' id='line_1_30' title="bbox 315 3655 1382 3756; baseline 0.001 -27"><span class='ocrx_word' id='word_1_250' title='bbox 315 3658 332 3729; x_wconf 81' lang='grc' dir='ltr'><strong>ὃ</strong></span> <span class='ocrx_word' id='word_1_251' title='bbox 351 3664 419 3731; x_wconf 78' lang='grc' dir='ltr'>καθ’</span> <span class='ocrx_word' id='word_1_252' title='bbox 432 3667 544 3741; x_wconf 81' lang='grc' dir='ltr'>ἕκαςον</span> <span class='ocrx_word' id='word_1_253' title='bbox 563 3655 674 3755; x_wconf 84' lang='grc' dir='ltr'>σχεδὸν</span> <span class='ocrx_word' id='word_1_254' title='bbox 693 3661 865 3756; x_wconf 83' lang='grc' dir='ltr'>ῖτος,πρὶν</span> <span class='ocrx_word' id='word_1_255' title='bbox 884 3672 941 3730; x_wconf 88' lang='grc' dir='ltr'>τοῦ</span> <span class='ocrx_word' id='word_1_256' title='bbox 966 3665 1020 3731; x_wconf 88' lang='grc' dir='ltr'>τὸν</span> <span class='ocrx_word' id='word_1_257' title='bbox 1041 3663 1187 3756; x_wconf 85' lang='grc' dir='ltr'>Καίσαρα</span> <span class='ocrx_word' id='word_1_258' title='bbox 1207 3668 1239 3731; x_wconf 81' lang='grc' dir='ltr'>ἐν</span> <span class='ocrx_word' id='word_1_259' title='bbox 1262 3675 1304 3756; x_wconf 79' lang='grc' dir='ltr'>τῇ</span> <span class='ocrx_word' id='word_1_260' title='bbox 1325 3666 1349 3729; x_wconf 87' lang='grc' dir='ltr'><strong>Γ</strong></span> <span class='ocrx_word' id='word_1_261' title='bbox 1349 3690 1382 3730; x_wconf 83' lang='grc' dir='ltr'>α·</span> 
     </span>
    </p>

    <p class='ocr_par' dir='ltr' id='par_1_4' title="bbox 315 3764 1479 3864">
     <span class='ocr_line' id='line_1_31' title="bbox 315 3764 1479 3864; baseline -0.002 -27"><span class='ocrx_word' id='word_1_262' title='bbox 315 3770 410 3862; x_wconf 80' lang='grc' dir='ltr'>λατίᾳ</span> <span class='ocrx_word' id='word_1_263' title='bbox 434 3770 672 3864; x_wconf 85' lang='grc' dir='ltr'>παραγενέσθαι,</span> <span class='ocrx_word' id='word_1_264' title='bbox 690 3764 882 3852; x_wconf 75' lang='grc' dir='ltr'>συνίύαινεν,</span> <span class='ocrx_word' id='word_1_265' title='bbox 908 3769 949 3848; x_wconf 87' lang='grc' dir='ltr'>ιίς</span> <span class='ocrx_word' id='word_1_266' title='bbox 976 3772 1030 3837; x_wconf 88' lang='grc' dir='ltr'>τὸν</span> <span class='ocrx_word' id='word_1_267' title='bbox 1051 3771 1186 3861; x_wconf 82' lang='grc' dir='ltr'>πολεμον</span> <span class='ocrx_word' id='word_1_268' title='bbox 1216 3772 1381 3862; x_wconf 90' lang='grc' dir='ltr'>σύμπαντες</span> <span class='ocrx_word' id='word_1_269' title='bbox 1478 3783 1479 3794; x_wconf 74' lang='grc'>’</span> 
     </span>
    </p>

    <p class='ocr_par' dir='ltr' id='par_1_5' title="bbox 231 3870 1478 3971">
     <span class='ocr_line' id='line_1_32' title="bbox 231 3870 1478 3971; baseline -0.007 -28"><span class='ocrx_word' id='word_1_270' title='bbox 231 3886 232 3891; x_wconf 75' lang='grc'>’</span> <span class='ocrx_word' id='word_1_271' title='bbox 317 3871 476 3971; x_wconf 73' lang='grc' dir='ltr'>ἐξορμῶσι·</span> <span class='ocrx_word' id='word_1_272' title='bbox 492 3875 578 3944; x_wconf 82' lang='grc' dir='ltr'>καὶὸ</span> <span class='ocrx_word' id='word_1_273' title='bbox 601 3870 634 3955; x_wconf 71' lang='grc' dir='ltr'>ἐξ</span> <span class='ocrx_word' id='word_1_274' title='bbox 655 3880 756 3943; x_wconf 85' lang='grc' dir='ltr'>αὐτῶν</span> <span class='ocrx_word' id='word_1_275' title='bbox 777 3877 975 3971; x_wconf 77' lang='grc' dir='ltr'>εὐγενέςατύς</span> <span class='ocrx_word' id='word_1_276' title='bbox 1000 3879 1030 3943; x_wconf 85' lang='grc' dir='ltr'>τ’</span> <span class='ocrx_word' id='word_1_277' title='bbox 1052 3876 1108 3960; x_wconf 83' lang='grc' dir='ltr'>ὢν,</span> <span class='ocrx_word' id='word_1_278' title='bbox 1126 3876 1179 3944; x_wconf 83' lang='grc' dir='ltr'>καὶ</span> <span class='ocrx_word' id='word_1_279' title='bbox 1197 3880 1379 3944; x_wconf 81' lang='grc' dir='ltr'>πλουσιώτα-</span> <span class='ocrx_word' id='word_1_280' title='bbox 1477 3907 1478 3934; x_wconf 67' lang='grc' dir='ltr'>ι</span> 
     </span>
    </p>

    <p class='ocr_par' dir='ltr' id='par_1_6' title="bbox 316 3982 1478 4184">
     <span class='ocr_line' id='line_1_33' title="bbox 317 3982 1478 4077; baseline -0.001 -27"><span class='ocrx_word' id='word_1_281' title='bbox 317 4009 391 4067; x_wconf 86' lang='grc' dir='ltr'>τος,</span> <span class='ocrx_word' id='word_1_282' title='bbox 418 3982 508 4061; x_wconf 85' lang='grc' dir='ltr'>οὗτος</span> <span class='ocrx_word' id='word_1_283' title='bbox 537 3984 681 4061; x_wconf 80' lang='grc' dir='ltr'>πλιίςους</span> <span class='ocrx_word' id='word_1_284' title='bbox 717 3982 782 4075; x_wconf 85' lang='grc' dir='ltr'>μεθ’</span> <span class='ocrx_word' id='word_1_285' title='bbox 814 3987 927 4049; x_wconf 74' lang='grc' dir='ltr'>ἑαυτοῦ</span> <span class='ocrx_word' id='word_1_286' title='bbox 963 3983 1162 4077; x_wconf 86' lang='grc' dir='ltr'>συμπεριάγει</span> <span class='ocrx_word' id='word_1_287' title='bbox 1195 3982 1378 4059; x_wconf 81' lang='grc' dir='ltr'>ἀκολούθους</span> <span class='ocrx_word' id='word_1_288' title='bbox 1477 4071 1478 4076; x_wconf 11' lang='lat'>¹</span> 
     </span>
     <span class='ocr_line' id='line_1_34' title="bbox 316 4080 1377 4184; baseline -0.005 -27"><span class='ocrx_word' id='word_1_289' title='bbox 316 4092 441 4162; x_wconf 82' lang='grc' dir='ltr'>Ταύτην</span> <span class='ocrx_word' id='word_1_290' title='bbox 457 4091 511 4183; x_wconf 85' lang='grc' dir='ltr'>μὲν</span> <span class='ocrx_word' id='word_1_291' title='bbox 522 4090 617 4183; x_wconf 82' lang='grc' dir='ltr'>μόνην</span> <span class='ocrx_word' id='word_1_292' title='bbox 633 4092 690 4163; x_wconf 79' lang='grc' dir='ltr'>τὴν</span> <span class='ocrx_word' id='word_1_293' title='bbox 705 4088 884 4184; x_wconf 76' lang='grc' dir='ltr'>εὐπρέπειάν</span> <span class='ocrx_word' id='word_1_294' title='bbox 901 4088 1003 4157; x_wconf 85' lang='grc' dir='ltr'>τεκαὶ</span> <span class='ocrx_word' id='word_1_295' title='bbox 1017 4080 1148 4182; x_wconf 88' lang='grc' dir='ltr'>δύναμιν</span> <span class='ocrx_word' id='word_1_296' title='bbox 1162 4084 1377 4184; x_wconf 80' lang='grc' dir='ltr'>εἷναιίγνωοαν.</span> 
     </span>
    </p>
   </div>
   <div class='ocr_carea' id='block_1_3' title="bbox 369 4188 1378 4289">
    <p class='ocr_par' dir='ltr' id='par_1_7' title="bbox 369 4188 1378 4289">
     <span class='ocr_line' id='line_1_35' title="bbox 369 4188 1378 4289; baseline -0.006 -26"><span class='ocrx_word' id='word_1_297' title='bbox 369 4198 466 4265; x_wconf 88' lang='lat' dir='ltr'><strong>XVI.</strong></span> <span class='ocrx_word' id='word_1_298' title='bbox 487 4196 529 4261; x_wconf 86' lang='grc' dir='ltr'>Οἱ</span> <span class='ocrx_word' id='word_1_299' title='bbox 552 4188 587 4262; x_wconf 86' lang='grc' dir='ltr'>δὲ</span> <span class='ocrx_word' id='word_1_300' title='bbox 607 4198 739 4280; x_wconf 84' lang='grc' dir='ltr'>Γάλλοι,</span> <span class='ocrx_word' id='word_1_301' title='bbox 751 4195 834 4274; x_wconf 77' lang='grc' dir='ltr'>ἔθνος</span> <span class='ocrx_word' id='word_1_302' title='bbox 853 4196 901 4273; x_wconf 83' lang='grc' dir='ltr'>έςὶ</span> <span class='ocrx_word' id='word_1_303' title='bbox 920 4195 990 4289; x_wconf 84' lang='grc' dir='ltr'>περὶ</span> <span class='ocrx_word' id='word_1_304' title='bbox 1010 4198 1067 4269; x_wconf 78' lang='grc' dir='ltr'>τήν</span> <span class='ocrx_word' id='word_1_305' title='bbox 1088 4194 1248 4289; x_wconf 87' lang='grc' dir='ltr'>θρησκείαν</span> <span class='ocrx_word' id='word_1_306' title='bbox 1270 4194 1378 4287; x_wconf 81' lang='grc' dir='ltr'>μαλιςα</span> 
     </span>
    </p>
   </div>
   <div class='ocr_carea' id='block_1_4' title="bbox 0 0 1504 5025">
    <p class='ocr_par' dir='ltr' id='par_1_8' title="bbox 0 0 1504 5025">
     <span class='ocr_line' id='line_1_36' title="bbox 0 0 1504 5025; baseline 0 2"><span class='ocrx_word' id='word_1_307' title='bbox 0 0 1504 5025; x_wconf 95' lang='lat' dir='ltr'> </span> 
     </span>
    </p>
   </div>
  </div>
 </body>
</html>
