3000 5025
294 518 369 589 nn
404 474 535 589 rma
560 517 715 587 sumi
747 518 1003 591 casinis.
1173 536 1199 610 9

119 649 414 747 adredemptionis
428 677 497 721 suae
510 653 686 747 pecuniam
702 654 971 747 procurandam,
985 650 1107 723 mansit
1120 675 1199 721 cum

120 758 329 853 praedonibus
351 760 423 829 dies
445 762 535 829 circa
562 758 801 854 quadraginta,
817 784 887 828 non
911 764 981 831 sine
1012 761 1144 831 tristitia
1165 770 1200 826 et

121 864 345 959 indignatione
361 868 764 962 gravissimaQuumque
780 863 826 934 illi
840 892 967 937 eumer
978 869 1137 937 convictu
1149 864 1198 935 fa·

122 970 305 1041 miliaritate
325 988 403 1042 orta
419 986 742 1069 percunctarentur:
760 973 849 1067 quid
861 979 929 1060 eis,
944 981 977 1044 si
994 982 1030 1044 in
1048 997 1116 1045 sua
1132 994 1199 1067 ρο4

123 1094 244 1147 testate
252 1096 379 1167 essent,
378 1080 542 1171 faceret,
555 1079 778 1174 respondebat
785 1081 914 1173 jocanti
926 1080 1057 1169 similis,
1069 1106 1108 1150 se
1120 1081 1201 1149 date

124 1186 274 1254 cunibus
289 1188 483 1279 affixarum
490 1213 505 1273 ,·
518 1186 617 1281 idque
630 1188 675 1255 ita
689 1186 761 1255 fore
771 1187 989 1280 jurejurando
1003 1190 1104 1257 tacito
1117 1212 1199 1257 con·

124 1291 284 1363 firmabat.
306 1297 422 1382 Quum
444 1320 526 1364 vero
549 1294 725 1363 comitibus
745 1318 786 1362 ac
802 1296 909 1365 servis
931 1298 1042 1363 Roma
1058 1293 1199 1362 redeun-

124 1399 225 1487 tibus,
244 1414 279 1468 et
297 1402 539 1496 quinquaginta
553 1388 685 1470 talentis
703 1425 767 1495 pro
784 1402 856 1495 ejus
878 1403 988 1497 pretio
1005 1398 1200 1496 persolutis,

124 1503 262 1575 libertati
271 1507 421 1577 redditus
433 1508 567 1596 luisset,
585 1506 690 1579 classe
705 1506 799 1576 illico
817 1510 1021 1603 conquisita,
1036 1505 1110 1577 illos
1124 1506 1199 1575 atti·

126 1614 486 1709 gitapprehenditque.
506 1618 548 1685 In
563 1615 684 1710 quibus
701 1613 858 1707 jamtum
877 1630 1041 1685 secutura
1056 1613 1200 1683 lenitatis

125 1718 498 1815 acclementiaegustum
517 1720 617 1791 dedit.
636 1723 725 1792 Nam
746 1746 852 1815 quum
871 1736 906 1790 et
923 1737 1036 1791 sontes
1054 1719 1201 1815 plectere

125 1840 167 1894 et
163 1827 401 1919 juramentum
424 1853 557 1898 servare
579 1827 682 1896 fixum
706 1843 811 1917 esset;
827 1828 965 1898 modum
982 1828 1200 1922 excogitavit,
1248 1865 1252 1869 -

124 1958 185 2027 quo
205 1949 386 2031 utrumque
412 1934 535 2005 leviore
562 1933 725 2030 supplicio
750 1882 984 2029 compleretur.
1005 1934 1157 2029 Itaque
1144 1960 1198 2028 ju·

124 2039 225 2133 gulari
246 2040 320 2111 illos
338 2043 503 2137 primum,
517 2056 594 2136 post
607 2043 777 2111 exanimes
797 2043 981 2112 crucibus
968 2044 1067 2136 Jussit
1087 2040 1199 2136 affigi3

124 2170 180 2215 uec
203 2173 285 2243 per
283 2150 401 2219 otium
425 2164 539 2219 tamen
563 2147 713 2244 publicas
741 2174 806 2219 res
813 2148 976 2243 neglexit
1002 2148 1199 2219 Mithridate

124 2255 207 2323 euim
225 2257 339 2325 Asiam
355 2256 547 2345 infestante,
558 2258 786 2325 continentem
802 2270 1044 2351 transgressus,
1057 2280 1197 2350 congre·

124 2364 204 2481 gatis
220 2361 369 2451 auxiliis,
387 2365 487 2433 etiam
506 2362 703 2459 praefectum
721 2364 808 2457 regis
823 2364 902 2433 Asia
923 2362 1052 2459 pepulit
1068 2377 1103 2432 et
1119 2387 1198 2455 pro·

123 2470 262 2540 vinciam
285 2473 506 2542 conservavit.
578 2508 582 2516 ·

162 2579 233 2647 His
249 2581 347 2666 actis,
366 2582 518 2650 Romam
531 2579 642 2667 rediit,
654 2581 849 2675 primusque
864 2579 910 2649 illi
933 2581 1043 2651 honos
1061 2580 1125 2649 fin't
1138 2580 1197 2648 tri·

124 2681 263 2754 bunatus
281 2685 429 2758 militum
440 2689 511 2775 ,.in·
523 2712 590 2781 quo
608 2687 743 2781 quidem
764 2689 974 2756 imminutam
992 2712 1012 2754 a
1031 2685 1123 2756 Sulla
1143 2687 1199 2753 t'ri·

124 2787 289 2862 buniciam
308 2807 508 2887 potestatem
530 2795 703 2864 restituere
730 2818 861 2862 summo
881 2793 999 2862 studio
1023 2794 1115 2861 nisus
1136 2805 1196 2858 est.

123 2897 200 2966 Inde
215 2900 374 2997 Quaestqr
390 2899 582 2970 ulteriorem
597 2901 965 2994 sortitam-Hispaniam,
980 2898 1071 2994 apud
1085 2897 1197 2967 Gades

125 3003 302 3101 intemplo
319 3006 493 3096 Herculis,
512 3007 597 3077 forte
624 3006 805 3077 Alexandri
828 3006 1025 3076 Macedonis
1046 3021 1196 3077 contem·

125 3108 228 3204 platus
249 3115 446 3209 imaginem,
461 3115 681 3184 vehementer
694 3113 837 3184 indoluit
847 3113 960 3209 ,.quod
975 3138 1080 3209 quum
1091 3127 1197 3183 atate

127 3215 193 3306 illa,
212 3245 315 3314 quam
333 3223 405 3316 ipse
423 3236 504 3290 tunc
523 3237 657 3317 ageret,
677 3219 866 3291 Alexander
883 3223 919 3290 in
935 3221 1020 3290 fines
1037 3236 1136 3290 terrae
1153 3219 1198 3288 fa-

126 3347 208 3393 mam
235 3329 287 3396 sui
312 3329 455 3398 nominis
481 3327 797 3416 extendissct;1a*se
821 3326 904 3397 nibil
917 3327 1036 3397 ¹adbuc
1056 3327 1196 3422 dignum

128 3429 226 3522 gloria
240 3449 373 3528 gestum
386 3447 492 3504 esset:
513 3437 704 3505 missionem
713 3437 816 3530 igitur
832 3459 853 3505 a
869 3449 987 3504 senatu
1008 3435 1125 3529 petiit,
1143 3457 1197 3501 cu-

128 3537 212 3630 piens
230 3564 303 3610 esse
323 3541 381 3609 ubi
397 3542 532 3634 majoris
554 3541 1034 3626 famae=materiaminveniret
1050 3542 1197 3609 Romam
1224 3628 1228 3635 Ι

130 3665 273 3716 reuersus
294 3647 384 3718 foedo
406 3647 494 3720 illico
511 3649 664 3719 turbatus
682 3664 732 3724 est
752 3651 883 3718 somnio
895 3648 1098 3737 ,visussibi
1114 3647 1196 3716 dor·

131 3752 224 3822 miens
248 3779 326 3823 cum
343 3770 449 3824 matre
468 3756 702 3832 concumbere.¹
720 3759 783 3826 Est
802 3756 875 3825 haec
890 3754 1025 3850 quidem
1045 3775 1113 3822 una
1134 3755 1196 3822 mi·-
1274 3772 1276 3778 ’

132 3859 281 3929 seriarum
306 3861 554 3950 humanarum,
572 3878 611 3932 ut
635 3865 788 3961 quamvis
811 3888 931 3932 verum
954 3863 996 3930 sit
1007 3851 1023 3950 ,'
1038 3861 1128 3956 quod
1150 3861 1197 3930 ait

132 3962 262 4054 Cicero,
279 3968 436 4062 quodque
453 3968 495 4038 de
515 3971 813 4058 Homerozscribit,
829 3970 982 4040 homines
1000 3967 1196 4064 plerumque
1247 3987 1250 3990 ⁴

133 4071 292 4142 asidera
311 4074 529 4165 dormientes,
547 4076 727 4172 dequibus
745 4079 924 4171 sepissime
941 4076 1118 4170 vigilantes
1131 4077 1197 4145 sint

134 4173 209 4246 soliti
228 4181 374 4278 cogitare
393 4197 426 4251 et
443 4181 553 4277 loqui:
573 4198 646 4254 tum
661 4182 742 4253 illud
757 4195 893 4278 quoque
906 4185 1115 4257 verissimum
1126 4197 1196 4266 cst,
