3000 5025
206 538 209 550 ·
304 510 379 583 380
615 518 653 585 C.
683 516 830 585 JULII
858 510 1133 584 CAES‘ARIS

301 630 361 712 Ῠπ’
376 648 476 713 αὐτῶν
494 638 529 715 δὲ
547 647 598 717 καὶ
613 636 802 717 Ᾰδύατίκων
817 645 968 741 ςρατιδιν,
982 648 1097 737 ἔφασαν
1111 647 1140 712 οἱ
1157 644 1349 711 κατάσκοποι
1360 676 1384 724 e‘

302 752 517 844 ἀναμένισθαι,
531 752 582 821 καὶ
595 746 656 828 ἤδη
672 758 702 822 ἐν
716 764 756 849 τῇ
776 746 841 839 ὀδῷ
858 756 977 827 ταύτην
991 749 1141 820 εἶναικαὶ
1157 752 1284 844 προσέτι
1297 750 1369 825 τοὺς

301 856 465 950 Νερουίους
488 858 528 937 είς
548 858 619 927 τινὰ
637 862 754 945 τόπον,
769 861 808 939 εἰς
822 858 856 927 ὃν
870 863 905 928 οὐ
925 851 1053 927 δύναιτο
1068 850 1121 925 διὰ
1144 856 1187 925 τὰ
1207 859 1261 930 ἕλη
1276 862 1292 922 ὁ
1308 863 1369 922 τῶν

300 949 450 1057 Ῥωμαίων
465 967 580 1059 ςρατὸς
598 966 797 1060 πορεύεσθαι,
810 966 911 1046 πόσας
929 992 964 1033 τε
982 964 1039 1043 τὰς
1062 969 1221 1060 γυναῖκας,
1235 961 1286 1030 καὶ
1306 961 1370 1053 ἅμα

302 1070 422 1149 πάντας
438 1073 508 1150 τοὺς
524 1076 554 1139 ἐν
573 1071 770 1167 ςρατευσίμῳ
784 1075 846 1140 ἔτει
860 1075 915 1140 ούκ
928 1074 1037 1154 ὄντας,
1052 1071 1255 1163 συναθροῖσαι.

354 1180 466 1247 XVII.
486 1181 598 1247 Ταῦτα
620 1180 752 1257 ἀκούσας
769 1181 940 1271 όΚαῖσαρ,
960 1179 1032 1256 τοὺς
1058 1179 1111 1270 μὲν
1134 1174 1371 1254 κατασκόπους,

300 1281 352 1350 καὶ
373 1285 444 1362 τοὺς
466 1279 668 1378 ταξιάρχους,
682 1288 758 1379 πρὸς
773 1286 811 1351 τὸ
829 1285 926 1352 τόπον
944 1282 1015 1350 τινὰ
1033 1283 1074 1361 είς
1088 1285 1126 1351 τὸ
1145 1270 1372 1375 ςρατοπεδεύε·

301 1388 370 1456 σθαι
378 1382 551 1464 ἐπιτύδειον
566 1385 1141 1483 ἐκλέξασθαι,προύπίμψοιτο.Πολλῶν
1157 1380 1191 1454 δὲ
1206 1398 1268 1453 τῶν
1283 1409 1373 1479 προσ·

300 1496 506 1588 χωρησάντων
540 1505 586 1586 τῷ
615 1498 750 1584 Καίσαρι
774 1501 913 1591 Βελγῶν,
939 1495 1090 1589 καὶπρὸς
1119 1497 1243 1572 τούτοις
1271 1489 1371 1559 ἄλλων

300 1608 423 1669 πολλῶν
439 1604 588 1687 Γάλλων,
603 1608 688 1691 αὐτῷ
705 1603 996 1696 συμπορευομένων,
1010 1602 1090 1679 τινὲς
1109 1605 1228 1684 αὐτῶν,
1244 1594 1308 1683 (ὡς
1324 1597 1373 1664 καὶ

302 1705 382 1800 μετὰ
397 1710 453 1782 τὴν
470 1709 574 1802 μάχην
592 1710 697 1803 ἔλεγον
713 1710 740 1775 οἱ
755 1704 968 1802 αἰχμάλωτοι)
981 1709 1019 1775 τὸ
1039 1709 1160 1775 τούτων
1174 1714 1236 1773 τῶν
1248 1711 1370 1798 ἡμερῶν

301 1813 424 1892 σύνηθες
438 1817 550 1909 μέτρον
564 1825 620 1893 τῆς
635 1826 691 1883 τοῦ
704 1824 767 1883 τῶν
780 1802 931 1908 Ῥωμαίων
946 1816 1161 1908 ςρατεύματος
1181 1803 1257 1880 όδοῢ
1277 1836 1373 1878 κατοι-

300 1924 483 2004 νούσαντες,
494 1923 603 2000 νυκτὸς
616 1924 695 2014 πρὸς,
707 1924 779 2001 τοὺς
792 1921 956 2015 πολεμίους
965 1918 1246 2015 παρεγένοντο,καὶ
1261 1918 1371 1993 αὐτοὺς

301 2017 465 2109 ἐδίδαξαν,
479 2022 595 2119 μεταξὺ
610 2027 729 2105 ἑκάςων
752 2037 814 2099 τῶν
837 2027 1008 2122 ταγμάτων
1028 2025 1243 2102 πολὺπλῆθος
1266 2049 1373 2090 σκευο-

301 2132 399 2224 φόρων
415 2128 499 2200 εἶναι·
516 2136 572 2211 ὦς’
586 2135 672 2228 ἔργον
687 2139 742 2202 οὐκ
755 2130 880 2202 εἶναιτὸ
894 2144 1018 2227 πρῶτον
1035 2132 1162 2228 τάγμα,
1176 2120 1285 2204 ἐπειδὴ
1299 2131 1373 2221 πρὸς
1422 2207 1424 2212 ,

301 2242 339 2305 τδ
351 2232 545 2331 ςρατόπεδον
559 2241 698 2333 γένοιτο,
709 2240 760 2307 καὶ
773 2235 876 2308 τοῖλλα
886 2240 965 2307 πολὺ
979 2240 1135 2333 άπέχοιεν,
1151 2242 1180 2305 ἐν
1195 2245 1261 2313 τοῖς
1274 2260 1375 2302 σκευο·

301 2344 403 2435 φόροις
422 2344 619 2412 ἐπιτίθεσθαι.
631 2346 670 2412 Εἰ
689 2339 724 2414 δὲ
742 2349 856 2414 τούτου
876 2355 933 2413 τοῦ
947 2345 1128 2441 τάγματος,
1149 2346 1264 2435 ἔφασαν
1276 2395 1286 2426 ,
1299 2369 1372 2434 κρα·

302 2448 424 2535 τείητε,
440 2446 472 2517 εὖ
485 2450 572 2535 ίστε,
588 2456 637 2520 ότι
653 2450 695 2521 τὰ
706 2451 804 2522 λοιπδι
821 2452 889 2521 καθ’
902 2457 987 2545 ὑμῶν
1002 2454 1100 2546 μένειν
1118 2454 1152 2518 οὐ
1171 2453 1370 2543 τολμήσουσι.

301 2559 404 2623 Τοῦτο
431 2549 465 2624 δὲ
490 2560 565 2653 πρὸς
589 2559 645 2628 τὴν
670 2568 732 2627 τῶν
751 2571 846 2628 τοῦτο
869 2559 1122 2654 ἀπαγγειλάντων
1144 2561 1268 2653 γνώμην
1293 2559 1373 2650 μέγα

302 2663 518 2749 συνεβάλλετο,
533 2669 582 2733 ότι
601 2666 630 2733 οἱ
643 2668 784 2760 Νερούϊοι
795 2668 833 2734 τὸ
847 2667 991 2749 παλαιὸν,
1002 2657 1107 2739 ἐπειδὴ
1122 2665 1234 2758 ἱππικῇ
1245 2653 1372 2755 δυνάμει

302 2773 358 2838 οὐκ
371 2771 525 2862 ἐχρῶντο,
540 2767 610 2856 (νῦν
626 2763 656 2838 δ’
672 2774 718 2839 ἔτι
732 2774 801 2866 περὶ
812 2783 907 2840 τοῦτο
923 2775 957 2840 οὐ
972 2764 1211 2853 σπουδάζουσιν,
1226 2766 1308 2836 ἀλλὰ
1321 2768 1373 2861 μό·

300 2901 350 2942 νον
367 2873 408 2942 τὰ
426 2871 537 2956 πεζικὰ
553 2877 663 2972 ἀγαθοί
677 2876 772 2964 εἰσιν)
784 2880 834 2947 ίνα
854 2884 945 2972 ῥᾷον,
959 2878 984 2944 εἰ
997 2885 1017 2954 ἡ
1032 2887 1094 2947 τῶν
1113 2878 1256 2972 γειτόνων
1279 2878 1371 2951 ἵππος

299 2981 376 3075 πρὸς
391 2982 428 3048 τὸ
447 2985 503 3056 τὴν
523 2992 605 3073 σφῶν
628 2987 730 3076 χώραν
750 2980 906 3065 ληίζεσθαι
930 2982 1089 3076 ἕρχοιντο,
1110 2987 1207 3058 αὐτὴν
1231 2974 1373 3048 δύναιντο

221 3145 225 3150 .
302 3081 486 3171 ἀποσούιῒν,
500 3080 615 3182 δένδρα
644 3092 690 3158 ἔτι
718 3091 827 3160 ἁπαλὰ
847 3088 979 3181 ἔκοψαν,
995 3091 1046 3159 καὶ
1071 3088 1151 3159 αὐτὰ
1177 3086 1372 3182 κάμψαντες,

245 3182 249 3190 ’
302 3190 410 3262 ἔπειτά
429 3218 463 3259 τε
484 3198 617 3276 πολλοὺς
639 3187 772 3276 κλάδους
790 3201 990 3288 ἐνεφύτευσαν
1003 3197 1077 3282 ,καὶ
1094 3198 1227 3274 πολλοὺς
1241 3193 1371 3288 θάμνους

301 3325 336 3366 τε
357 3299 409 3368 καὶ
423 3293 537 3379 ύάτους
561 3297 769 3394 ἐμύαλόντες,
785 3304 930 3378 ἐποίησαν
954 3297 1041 3378 δίκην
1061 3303 1181 3396 τείχους
1201 3300 1258 3380 τὰς
1282 3301 1371 3392 αἱμα·

302 3403 368 3484 σῑὰς
382 3408 501 3484 ταύτας
513 3405 625 3500 ὀχυρὰς
640 3405 724 3477 εἶναι·
738 3413 795 3488 ὦς’
804 3411 844 3489 είς
859 3410 955 3490 αιἰτδις
969 3415 1003 3478 οὐ
1019 3411 1110 3503 μόνον
1123 3407 1282 3490 εἰσελθεῖν,
1293 3402 1370 3472 α’λλίι

302 3512 354 3582 καὶ
367 3504 388 3578 δ
391 3517 472 3604 ιορᾷν
488 3517 546 3606 οὐχ
559 3512 622 3583 οἷόν
636 3519 665 3582 τ’
680 3511 766 3586 εἶναι.
780 3519 910 3596 Τούτοις
925 3519 979 3611 μὲν
1000 3514 1050 3585 οὖν
1072 3519 1129 3582 τόν
1148 3521 1210 3581 τῶν
1223 3499 1369 3606 Ρωμαίων

301 3618 468 3712 φοθαγγοι,
494 3630 552 3688 τοῦ
579 3623 684 3715 πρόσω
708 3621 802 3708 ἰέναι,
821 3624 988 3692 κωλύεσθαι
1011 3631 1156 3716 ὁρῶντες,
1173 3622 1292 3692 ταύτην
1317 3619 1370 3690 τίν

301 3719 504 3817 συμόουλείαν
519 3731 575 3794 οὐκ
590 3719 832 3821 ἀπεδοκίμασαν.

354 3833 485 3900 XVIII.
505 3837 570 3904 Τοῦ
584 3825 616 3901 δὲ
631 3836 750 3918 τόπου,
766 3835 798 3904 δν
818 3838 894 3930 πρὸς
907 3839 945 3904 τὸ
964 3825 1245 3929 ςρατοπεδιύισθαι
1258 3830 1287 3899 οἱ
1306 3817 1379 3900 Ῥω.

301 3946 385 4030 μαῖυι
402 3931 536 4024 ἐξεῖλον,
554 3943 685 4015 τοιαύτη
699 3938 735 4015 ἦν
755 3949 774 4017 ἡ
797 3945 893 4033 φύσις·
909 3944 977 4036 ὅρος
1000 3943 1053 4036 μὲν
1075 3942 1136 4008 άπὸ
1154 3949 1210 4016 τῆς
1223 3945 1371 4031 κορυφῆς,

302 4037 334 4122 ἐξ
346 4043 415 4112 ἴσου
437 4042 585 4137 ίσομαλθς
605 4049 679 4142 πρὸς
697 4049 735 4118 τὸ
757 4051 1092 4144 κάταντεςγενομένη,
1106 4048 1181 4141 πρὸς
1202 4046 1256 4112 τὸν
1274 4067 1370 4112 ποτα-

300 4151 357 4241 μὸν
381 4145 477 4218 Σάύιν
503 4152 643 4228 καθῆκεν·
663 4151 745 4224 ’άλλο
772 4146 806 4223 δὲ
828 4158 922 4250 πέραν
943 4167 1000 4224 τοῦ
1017 4163 1163 4247 ποταμοῦ
1183 4153 1252 4244 ὄρος
1273 4154 1370 4243 ὅμοιον
