3000 5025
502 478 792 547 PRAEFATIO.
1148 507 1210 554 xix
1237 552 1243 559 ,

6 706 7 715 ¹
123 612 335 709 elegantiam,
354 612 474 681 forsan
504 610 566 681 illis
586 613 698 681 statim
716 612 905 682 assentiaris
919 614 977 708 qui
992 612 1102 684 multo
1116 640 1210 711 supe·

6 726 7 791 l
124 722 243 790 riorem
265 734 401 789 aetatem
425 719 582 814 suspicati
602 733 690 789 sunt.
712 718 779 789 Sed
801 717 973 789 fatendum
1000 736 1051 791 est
1073 736 1208 814 tamen,

126 828 178 897 nbi
198 826 363 897 nonnulla
383 825 505 896 saeeula
525 839 603 921 post
623 829 791 896 Caesarem
813 841 966 896 nostrum
984 828 1209 918 effluxerunt,

126 932 260 1004 difficile
286 960 357 1004 esse
382 958 570 1029 graecorum
590 934 792 1027 scriptorum
816 923 1047 1028 antiquitatem
1073 961 1115 1005 ex
1136 936 1208 1007 solo

128 1067 248 1137 genere
270 1040 403 1111 dicendi
425 1042 597 1110 aestimare.
619 1042 809 1136 Corruptus
824 1042 913 1110 enirn
928 1044 1114 1135 praesertim
1131 1060 1210 1139 post

128 1150 338 1219 Constantini
355 1162 508 1243 tempora
527 1146 674 1243 vulgaris
693 1172 822 1241 sermo,
839 1146 1047 1242 aliquatenus
1064 1152 1208 1245 antiquae

129 1255 171 1324 illi
206 1255 329 1351 linguae
358 1254 472 1325 similis
497 1269 629 1325 tantum
658 1254 748 1350 apud
784 1255 902 1325 doctos
936 1258 1105 1324 remansit.
1133 1260 1207 1329 Imo

129 1365 235 1457 potius
256 1387 365 1458 graeca
383 1362 498 1457 lingua
515 1377 597 1432 tunc
619 1360 711 1431 nulla
731 1377 824 1452 erat3
855 1362 914 1431 sed
936 1360 1023 1431 illius
1046 1361 1209 1434 duntaxat

129 1470 247 1539 umbra
270 1495 311 1539 ex
336 1469 504 1539 nobilibus
532 1485 685 1539 veterum
712 1471 842 1564 scriptis
873 1469 1044 1539 interdum
1074 1474 1210 1539 evocari

130 1576 263 1646 solebat.
306 1576 385 1646 Plus
418 1578 571 1646 minusve
607 1576 779 1671 elegantiae
816 1579 850 1644 in
885 1578 997 1671 aliquo
1022 1579 1208 1647 recentiore

131 1686 247 1753 Graeco
267 1684 294 1753 si
314 1684 560 1779 deprehendas,
575 1682 711 1780 collige,
730 1682 806 1778 plus
826 1682 919 1753 illum
938 1685 1092 1753 minusve
1111 1709 1146 1753 se
1165 1685 1208 1754 ad

131 1806 279 1860 veterum
303 1792 521 1861 imitationem
543 1792 789 1885 composuisse,
811 1805 845 1858 et
861 1791 1049 1860 doctrinam
1069 1791 1206 1886 quidem

131 1896 229 1987 illius,
246 1899 273 1967 si
290 1897 422 1993 placet,
437 1898 553 1987 lauda,
567 1899 610 1967 de
624 1913 720 1967 aetate
740 1923 902 1993 veroque
921 1900 1109 1994 scripserit,
1123 1897 1206 1967 nihil

131 2004 296 2075 affirmare
312 2006 482 2075 suaserim.
1129 2022 1132 2025 ’
1246 2094 1249 2099 .

180 2114 240 2182 VI.
265 2115 420 2207 Denique
443 2112 642 2207 Catalogum
665 2127 698 2181 et
713 2111 856 2181 indicem
875 2112 1098 2208 populorum,
1118 2114 1206 2182 viro·

132 2244 202 2287 rum
224 2234 260 2288 et
278 2219 430 2289 locorum
442 2222 477 2288 in
488 2219 578 2289 Celsi
590 2221 848 2290 Commentariis
857 2235 1147 2307 memoratorum,
1167 2245 1207 2290 ea

132 2325 297 2421 diligentia
317 2342 351 2396 et
373 2342 485 2396 mente
510 2328 736 2415 confecimus,
754 2341 792 2395 ut
812 2329 923 2422 primo
946 2341 1084 2422 aspectu
1110 2326 1207 2398 facile

129 2432 343 2526 judicaveris,
360 2434 532 2530 quodnam
553 2434 747 2523 discrimen,
765 2433 819 2502 vel
838 2459 938 2530 quam
958 2429 1207 2504 similitudinem

132 2541 324 2612 interfecta
350 2557 385 2611 et
407 2545 545 2612 nomina
571 2558 711 2637 uterque
739 2544 883 2638 scriptor
908 2541 1076 2611 narrando
1109 2543 1207 2612 nobis

131 2648 282 2718 attulerit.

179 2759 223 2825 Hi
235 2771 317 2826 sunt
334 2756 466 2825 labores
484 2759 590 2826 nostri
607 2756 650 2825 ad
663 2757 729 2825 hoe
740 2755 900 2825 volumen
916 2751 1206 2848 componendum;

130 2888 225 2957 quam
246 2863 400 2934 difficiles
421 2878 454 2932 et
476 2864 621 2960 improbi
643 2863 788 2950 fuerint,
811 2887 879 2931 non
898 2861 1097 2930 examussim
1116 2859 1206 2927 refe-

129 2995 211 3060 ram,
235 2972 316 3040 satis
337 2972 418 3058 erit,
439 2973 543 3041 amice
564 2971 685 3060 lector,
707 2972 733 3039 si
754 2984 877 3039 nostrae
898 2968 1065 3039 voluntati
1090 2965 1206 3036 saltem

127 3078 245 3150 faveas.
270 3077 366 3149 Vale.
