3000 5025
390 510 428 580 C.
456 508 650 579 JULIUS
678 509 861 578 CAESAR.
1095 504 1173 602 329

16 670 18 683 ’
112 644 155 713 τὸν
166 643 343 737 ὑπηρέταις,
357 644 446 738 ἐγγὺς
458 634 579 736 σρόδρα
598 642 783 736 προσελθών·
802 670 820 706 α
838 644 943 708 Τοῦτο
959 632 1040 733 (ἔφη
1051 634 1085 731 λ,
1098 644 1176 709 Kat-

115 777 211 843 νεαρ,
225 750 376 845 ἀνάγνωθι
393 752 483 841 μόνος
499 751 550 818 καὶ
568 750 699 841 ταχέως·
719 751 893 845 γέγραπται
910 746 967 841 γὰρ
981 750 1057 841 ὑπὲρ
1098 774 1174 843 ραγ-

115 887 128 922 a
141 857 240 950 μάτων
265 856 427 952 μεγαλων,
442 855 496 923 καί
525 882 572 923 σοι
599 847 857 949 διαφερόντων.»
880 848 1047 946 Δεξάμενος
1073 850 1126 922 ὀὖν
1156 860 1174 921 ό
1218 902 1220 909 ι

110 966 234 1057 Καῖσαρ,
249 966 421 1058 ἀναγνῶναι
443 963 495 1055 μὲν
518 964 578 1030 ὑπὸ
596 962 730 1040 πλήθους
749 969 811 1030 τῶν
830 961 1077 1060 ἐντυγχανόντων
1098 964 1177 1027 ἐκω-

110 1068 185 1153 λόθη,
199 1068 306 1165 καίπερ
324 1073 460 1163 ὁρμήσας
475 1068 635 1147 πολλάκις·
650 1070 680 1135 ἐν
698 1060 733 1135 δὲ
748 1079 788 1163 τῇ
801 1068 879 1162 χειρὶ
894 1070 1034 1159 κατέχων
1052 1066 1103 1134 καὶ
1117 1090 1174 1158 ρυ-

109 1176 215 1243 λάττων
235 1178 327 1272 μόνον
351 1179 465 1259 ἐκεῖνο,
482 1176 635 1268 παρῆλθεν
653 1174 701 1254 είς
730 1178 787 1250 τήν
817 1179 1002 1272 σόγκλητον.
1027 1154 1112 1240 δνιοι
1139 1163 1175 1239 δέ

110 1306 203 1374 ραοιν,
218 1280 312 1353 άλλον
332 1276 489 1351 επιδοοναι
507 1309 545 1349 το
566 1278 683 1367 βιόλιον
704 1308 812 1350 τουτο·
833 1309 887 1350 τον
910 1275 941 1348 δ’
956 1270 1175 1375 Ᾰρτεμίδωρον

111 1381 163 1455 οὐθ’
177 1392 253 1468 ὅλως
267 1390 462 1485 προσελθεῖν,
477 1390 545 1456 ἀλλ’
562 1384 737 1463 ἐκθλιόῆναι
750 1388 835 1482 παρὰ
850 1394 953 1457 πᾶσαν
967 1390 1025 1462 τὴν
1038 1378 1122 1453 ὀδόν.
1207 1456 1213 1469 ,

152 1500 272 1567 LXVI.
291 1487 382 1565 Ᾱλλθι
400 1508 503 1565 ταῦτα
519 1498 572 1589 μὲν
586 1487 648 1570 ήδη
665 1522 724 1564 που
739 1499 822 1590 φάρει
834 1495 886 1563 καὶ
904 1498 940 1563 τὸ
956 1494 1144 1587 αὐτόματον·
1160 1498 1176 1559 ὁ

113 1592 140 1669 δὲ
157 1594 317 1697 δεξάμενος
337 1605 394 1672 τὸν
418 1606 509 1693 φόνον
533 1606 641 1671 ἐκεῖνον
664 1602 716 1670 καὶ
740 1604 795 1670 τὸν
819 1604 924 1697 ἀγῶνα
940 1611 1054 1695 χῶρος,
1079 1597 1120 1676 εἰς
1143 1598 1178 1685 ὃν

108 1714 124 1781 ἡ
143 1713 307 1806 σύγκλητος
334 1710 475 1800 ἠθροίσθη
498 1710 572 1778 τότε
588 1761 598 1794 ,
616 1705 782 1803 Πομπηΐου
802 1710 856 1802 μὲν
884 1707 984 1776 εἰκόνα
1011 1707 1149 1799 κειμένην
1166 1703 1176 1727 ¹

109 1816 171 1907 ἔχων
182 1870 191 1902 ,
204 1812 371 1911 Πομπηΐου
397 1809 427 1884 δ’
443 1816 585 1909 ἀνάθημα
605 1819 736 1913 γεγονὼς
755 1825 816 1883 τῶν
835 1811 1150 1909 προσκεκοσμημένων
1166 1809 1177 1835 ²

107 1931 145 2009 τῷ
161 1924 295 2019 θεάτρῳ,
308 1926 507 1993 παντάπασιν
524 1925 659 2015 ἀπέφηνε
680 1915 826 2016 δαίμονος
850 1922 932 1997 τινὸς
948 1921 1178 2014 ὑφηγουμένου,

16 2092 18 2099 ,
107 2028 149 2095 καὶ
167 2038 333 2110 καλοῦντος
352 2018 416 2099 ίκεῖ
438 2034 496 2105 τὴν
524 2025 649 2121 πρᾶξιν,
668 2032 754 2125 ἔργον
780 2030 945 2126 γεγονέναι.
969 2027 1034 2093 Καὶ
1050 2023 1109 2121 γὰρ
1127 2022 1178 2093 οὖν

105 2135 148 2201 καὶ
159 2139 280 2232 λέγεται
294 2137 447 2221 Κάσσιος,
462 2138 502 2217 εἰς
520 2138 574 2204 τὸν
599 2128 770 2229 ἀνδριάντα
784 2148 841 2205 τοῦ
858 2129 1025 2228 Πομπηίου
1044 2134 1105 2226 πρὸ
1123 2141 1179 2210 τῆς

106 2242 291 2337 ἐγχειρήσεως
306 2240 513 2329 ἀποόλέπων,
528 2244 736 2312 ἐπικαλεῖσθαι
750 2254 873 2336 σιωπῇ,
887 2240 995 2334 καίπερ
1015 2242 1070 2307 οὐκ
1085 2238 1180 2306 α’λλό-
1223 2270 1226 2279 ·

103 2373 177 2441 τριος
191 2350 230 2417 ὢν
246 2360 309 2417 τῶν
328 2338 501 2443 Ἑπικούρου
520 2352 620 2446 λόγων
630 2335 663 2391 3·’
674 2352 742 2417 ἀλλ’
761 2356 778 2417 ὁ
796 2351 915 2442 καιρὸς,
929 2356 969 2425 ὡς
991 2349 1102 2430 ἔοικεν,
1116 2336 1178 2420 ἤδη

103 2466 153 2524 τοῦ
170 2450 269 2526 δεινοῦ
293 2465 495 2554 παρεςῶτος,
514 2458 729 2550 ἐνθουσιασμὸν
748 2456 874 2525 ἐνεποίει
895 2454 947 2522 καὶ
972 2452 1086 2536 πάθος,
1110 2452 1181 2520 ἀντὶ

102 2572 157 2630 τῶν
170 2567 325 2659 προτέρων
338 2574 506 2660 λογισμῶν.
521 2553 676 2632 Ᾰντώνιον
692 2565 745 2656 μὲν
761 2561 829 2645 οὖν,
846 2564 938 2640 πιςὸν
954 2563 1031 2628 ὄντα
1045 2558 1180 2651 Καίσαρι

101 2671 147 2736 καὶ
171 2676 345 2764 ῥωμαλέον,
360 2668 418 2750 ἔξω
443 2678 653 2765 παρακατεῖχε
679 2675 813 2762 Βροῦτος
840 2654 1014 2750 Ᾰλόῖνοςθ,
1037 2661 1180 2758 ἐμόαλὼν

101 2770 238 2858 ἐπίτηδες
259 2777 379 2870 ὁμιλίαν
394 2789 490 2871 μῆκος
505 2780 645 2868 ἔχουσαν.
658 2776 817 2854 Είσιόντος
831 2765 867 2840 δὲ
880 2773 1056 2865 Καίσαρος,
1069 2778 1088 2845 ή
1107 2775 1181 2856 βοο-

99 2885 134 2956 λθ
160 2886 213 2974 μὲν
242 2878 411 2963 θπεξανόςη
435 2885 652 2977 θεραπεύουσα·
675 2893 738 2949 τῶν
768 2874 803 2949 δὲ
827 2880 896 2974 περὶ
913 2885 1046 2973 Βροῦτον
1070 2878 1099 2944 οἱ
1126 2879 1180 2970 μὲν

100 2981 248 3066 ἐξόπισθεν
264 2994 318 3059 τὸν
342 2982 447 3084 δίφρον
475 2995 570 3058 αὐτοῦ
592 2992 793 3082 περιέςησαν,
808 2989 836 3055 οἱ
858 2979 887 3054 δ’
910 2988 1116 3069 ἀπήντησαν,
1141 2991 1180 3063 ὡς
1270 3034 1317 3083 ‘x

100 3085 141 3164 δελ·
152 3096 275 3186 Τυλλίῳ
295 3083 458 3190 Κίμόρῳά,
472 3096 539 3190 περὶ
559 3088 694 3188 ἀδελφοῦ
709 3087 848 3190 φυγάδος
865 3093 1100 3189 ἐντυγχάνοντι,
1114 3117 1183 3158 σον-

101 3191 294 3298 δεησόμενοο,
308 3203 361 3278 καὶ
372 3195 551 3271 συνεδέοντο
567 3205 657 3296 μέχρι
673 3213 729 3270 τοῦ
745 3195 853 3297 δίρροο
868 3200 1179 3295 παρακολουθοῦντες.

100 3292 140 3388 ίδς
154 3303 189 3378 δὲ
207 3311 334 3389 καθίσας
352 3303 525 3403 διεκρούετο
544 3309 601 3388 τὰς
620 3303 757 3394 δεήσεις,
775 3310 827 3376 καὶ
845 3309 1069 3401 προσκειμένων
1088 3304 1182 3390 βιαιό·

137 3533 161 3568 ι.
172 3514 307 3578 Positum,
319 3526 449 3581 erectam
460 3531 515 3568 non
526 3526 614 3578 autem
706 3519 732 3576 4.
740 3515 774 3566 In
781 3515 880 3577 Bruto,
890 3529 924 3582 17
933 3522 977 3576 ;et
982 3512 1053 3582 App.
1061 3527 1100 3574 11,
1110 3526 1122 3561 ε
1127 3526 1180 3578 17,

96 3593 217 3660 jacentem.
371 3657 373 3660 Ι
663 3593 695 3647 C.
717 3594 855 3645 Trebonio
870 3590 1044 3653 mandantur,
1062 3607 1122 3661 quae
1136 3588 1181 3640 hie

137 3694 160 3727 σι
180 3673 337 3746 Suspicatur
357 3674 447 3726 Reisk.
471 3669 614 3744 legendum
663 3674 796 3738 Antonio,
810 3685 908 3745 partes.
923 3672 980 3724 Cic.
995 3670 1113 3741 Philipp.
1135 3686 1181 3731 κε,

100 3753 450 3826 προσκεκοσμημένωνςεριιοό
460 3754 529 3805 nihil
538 3773 615 3824 pror·
666 3759 701 3816 14
719 3766 745 3805 et
761 3771 828 3817 xm,
844 3772 888 3806 ιο.

100 3847 140 3886 tus
148 3833 181 3886 ad
193 3851 310 3888 sensum.
321 3835 416 3905 Agitur
424 3835 496 3886 enim
509 3831 543 3886 de
552 3832 614 3888 aedi·
708 3833 734 3885 5.
745 3834 827 3885 Recte
841 3835 866 3884 T
864 3833 950 3896 ultim,
960 3849 1016 3882 non
1027 3841 1115 3880 autem
1124 3827 1180 3880 Me·

97 3911 176 3980 ficiis,
193 3932 253 3986 quae
270 3913 374 3966 theatro
389 3933 438 3968 suo
454 3914 614 3985 Pompeius,
665 3913 749 3975 celtus,
769 3925 801 3964 ut
816 3912 928 3984 quidam
943 3911 1048 3964 volunt.
1064 3908 1138 3960 Suet.
1152 3907 1180 3959 ἰιι

100 3991 263 4048 adornatum
278 3991 451 4047 adstruxerat.
663 3991 717 4045 Jul.
734 3993 786 4061 89,
798 4005 876 4045 vocat
888 3993 962 4043 hune
973 3992 1042 4060 App.
1055 3987 1179 4042 Attiliscm.

137 4074 162 4128 3.
179 4074 246 4128 Ideo
285 4093 300 4126 e
325 4076 357 4128 ab
380 4071 536 4132 invocandis
555 4073 612 4127 Diis
662 4071 809 4140 Mendose,
821 4085 848 4125 et
859 4069 1032 4124 emendatum
1045 4081 1085 4121 est
1095 4069 1131 4120 in·
1138 4068 1180 4120 in·

102 4155 207 4210 mnino
223 4071 333 4261 ωδεδχω.
662 4153 852 4226 ιτεριοιιιίοιεε
865 4150 929 4206 edit.
945 4150 1166 4220 Amstel‚,1670.
