3000 5025
289 399 292 404 ’
328 452 396 521 nn
423 448 546 521 vrri
572 448 711 521 suun
739 450 971 523 cnsnns.
1140 452 1188 528 65

125 600 153 653 et
170 584 364 681 ambiguum
390 586 452 653 iter
480 599 538 653 est.
562 586 633 653 Hos
655 586 757 679 igitur
778 588 1025 656 Germanorum
1047 588 1191 683 populos

126 694 259 761 aSuevis
278 690 396 786 pulsos
407 714 512 786 quum
523 693 557 760 in
570 690 687 761 Galliis
706 692 893 763 consedisse
911 697 1026 763 Caesar
1045 696 1191 786 audiret,

125 798 288 867 Gallorum
316 800 442 867 veritus
467 797 658 887 levitatem,
687 802 744 892 qui
769 824 863 869 ruore
893 800 1062 871 frondium
1089 818 1192 874 vento

123 904 258 998 quolibet
276 907 464 1000 agitantur,
482 920 516 973 et
533 920 754 994 mercatores,
767 920 801 974 et
820 919 990 995 cursores,
1004 923 1098 979 more
1113 934 1193 1005 pro·

124 1012 205 1105 prio,
222 1036 328 1081 manu
345 1011 559 1105 prehendunt
578 1012 810 1107 detinentque,
830 1028 864 1081 et
883 1014 972 1082 unde
992 1018 1142 1105 veniant,
1159 1031 1195 1086 et

124 1142 180 1211 quo
190 1133 350 1214 pergant,
364 1133 398 1186 et
414 1118 493 1212 quid
511 1120 590 1187 novi
606 1118 765 1205 afferant,
788 1135 1046 1215 percontantur,
1071 1148 1192 1218 regun-

38 1280 39 1291 t
124 1238 229 1319 turque
253 1224 446 1296 rumoribus
469 1227 567 1293 etiarn
590 1224 696 1314 falsis,
718 1242 753 1296 et
775 1252 861 1323 saepe
880 1228 936 1298 his
958 1230 1058 1317 moti,
1078 1254 1120 1297 ea
1135 1231 1192 1298 de·

124 1328 271 1420 liberant,
293 1357 438 1427 quorum
460 1356 539 1401 mox
563 1334 723 1427 poeniteat
743 1358 751 1400 ε
775 1335 862 1422 hoc,
888 1336 1046 1428 inquam,
1067 1339 1194 1407 veritus

38 1488 40 1499 »
123 1439 240 1528 Caesar,
259 1464 304 1511 ne
327 1438 424 1507 famae
444 1440 628 1533 cujuspiam
647 1438 780 1510 flatibus
798 1457 1031 1531 moverentur,
1046 1457 1081 1511 et
1100 1468 1120 1512 a
1144 1469 1195 1512 ro

38 1546 40 1621 l
124 1569 209 1615 nana
225 1546 295 1615 fide
313 1545 525 1632 desisterent3
541 1560 653 1615 aestate
667 1572 736 1614 non
749 1561 938 1641 expectata,
953 1548 996 1617 ad
1010 1552 1194 1619 exercitum

38 1644 39 1725 J
123 1656 219 1741 venit,
243 1668 280 1721 et
300 1654 428 1721 invenit
449 1676 529 1721 vera
545 1678 579 1721 se
592 1653 749 1723 timuisse.
764 1656 886 1723 Missos
905 1653 1032 1749 legatos
1048 1680 1069 1723 a
1088 1655 1194 1725 Gallis

123 1758 157 1826 ad
173 1763 365 1830 Germanos
387 1760 563 1829 invitantes
586 1759 841 1854 hortantesque,
865 1775 903 1829 ut
923 1784 944 1827 a
965 1760 1049 1829 laeva
1065 1762 1194 1850 Rheni,

122 1866 169 1934 ubi
189 1867 426 1953 substiterant,
448 1866 679 1954 abscederent,
704 1891 806 1961 seque
826 1867 989 1936 inferrent
1016 1870 1051 1935 in
1077 1869 1196 1937 intima

38 2030 39 2033 ,
124 1972 328 2058 Galliarum3
351 1971 433 2041 nihil
458 1974 507 2041 eis
531 1972 724 2045 defuturum
747 1976 899 2042 omnium
921 1998 994 2067 quae
1023 1976 1195 2070 petissent.

123 2080 229 2151 Motus
248 2081 300 2149 his
323 2083 453 2175 Caesar,
471 2079 529 2149 sed
552 2078 784 2167 dissimulans,
797 2078 973 2150 Gallorum
989 2082 1195 2175 principibus

38 2230 40 2255 l
123 2186 158 2255 ad
179 2188 385 2283 colloquium
407 2187 574 2275 evocatis,
594 2186 746 2281 benignis
765 2188 972 2257 orationibus
995 2213 1052 2257 eos
1075 2187 1196 2257 leniit:

38 2264 40 2331 l
124 2292 263 2363 firmavit
284 2296 413 2363 animos
437 2309 536 2387 atque
555 2292 656 2362 edixit
673 2296 863 2388 equatatum
884 2318 985 2387 quem
1008 2318 1059 2364 ea
1080 2294 1196 2365 debito

38 2392 39 2409 l
120 2416 285 2493 praestare
315 2416 529 2485 tenerentur,
560 2414 600 2468 ut
616 2415 788 2495 paratam
816 2403 853 2468 in
881 2406 989 2469 muris
1019 2401 1195 2470 haberent.

124 2510 206 2578 Esse
226 2515 316 2578 enim
337 2507 406 2577 sibi
424 2510 576 2578 antheum
606 2506 659 2576 ad
682 2505 883 2576 liberandas
903 2508 1044 2576 Gallam
1067 2508 1115 2576 ab
1145 2515 1196 2578 in·

125 2639 217 2684 cursu
243 2620 443 2710 germanico
470 2613 658 2710 proficisci.
696 2612 869 2706 Quidquid
906 2611 960 2680 ille
992 2617 1197 2709 praeceperat

126 2721 335 2818 adimpletum
357 2736 424 2809 est,
449 2745 518 2788 non
540 2719 734 2788 obedienter
756 2718 874 2804 modo,
897 2718 955 2787 sed
977 2718 1134 2808 libenter3
1157 2746 1198 2789 ea

38 2819 39 2832 ¹
126 2843 169 2897 est
188 2829 328 2900 facilitas
348 2822 553 2896 animorum!
584 2829 677 2894 Dum
706 2826 875 2894 instructis
900 2849 982 2919 ergo
1006 2828 1197 2920 paratisque

38 3013 39 3016 Ἴ
127 2937 290 3023 omnibus,
311 2937 375 3004 iter
396 2934 603 3028 arripuisset,
620 2932 758 3026 jamque
769 2931 812 3000 ad
825 2945 935 3000 castra
951 2933 1099 3003 hostium
1112 2959 1195 3028 pau·

38 3043 40 3116 l
126 3065 236 3112 corum
255 3042 386 3110 dienrm
407 3042 524 3109 itinere
548 3041 806 3135 propinquaret,
827 3037 954 3133 legatos
975 3038 1197 3110 barbarorum

38 3219 40 3230 ,
130 3148 234 3218 obvios
256 3149 388 3237 habuit,
403 3171 546 3241 quorum
565 3143 693 3241 prinius
711 3148 745 3215 in
767 3147 856 3214 hanc
877 3149 1074 3216 senteutiam
1093 3149 1199 3218 verba

38 3269 39 3292 ¹
130 3252 204 3326 lecit.
224 3259 351 3350 Neque
373 3257 540 3324 Germani
543 3301 554 3335 ,
574 3253 694 3346 inquit,
709 3279 730 3321 ο
750 3255 885 3340 Caesar,
902 3253 1028 3322 bellum
1045 3256 1199 3346 instruat

38 3413 40 3444 z
130 3363 306 3447 Romam,
327 3385 438 3458 neque
458 3367 508 3430 eir
531 3365 565 3430 si
582 3364 735 3430 Romani
759 3359 883 3430 bellum
909 3361 1079 3453 inserant,
1102 3386 1197 3432 recu·

131 3484 208 3537 sant.
228 3473 311 3538 Mos
333 3483 388 3536 est
406 3483 539 3554 noster,
556 3491 581 3536 a
600 3465 789 3558 manrr'bus
796 3491 867 3562 per·
878 3490 1002 3536 manus
1018 3467 1118 3536 n'obtr
1130 3485 1199 3538 tra-

131 3572 227 3663 ditus,
248 3576 342 3645 bella
352 3573 562 3645 uibrantibus
571 3573 1034 3660 obstare,mcllumtan00b
1052 3598 1198 3645 causam

126 3688 261 3773 precari.
282 3685 402 3753 Suavis
422 3683 506 3750 solra
526 3703 591 3750 nos
612 3686 763 3776 impares
783 3680 1002 3770 coafitemur,
1019 3681 1145 3774 quibua
1156 3708 1201 3753 ne

134 3790 190 3880 psi
205 3791 336 3860 coelr'tes
351 3811 463 3884 pares
482 3791 576 3858 sciat:
598 3788 642 3857 de
662 3789 793 3882 reliquo
810 3789 975 3856 mortales
991 3811 1109 3857 omnes
1125 3795 1200 3859 νίπ-
1290 3818 1293 3822 ·

38 3883 39 3900 ’
136 3915 199 3964 cere
209 3921 324 3994 posse.
341 3894 554 3985 corfidimus.
589 3898 698 3964 Unum
724 3917 795 3962 non
817 3909 857 3962 ut
877 3893 1048 3980 humilior,
1078 3897 1144 3966 sed
1163 3915 1203 3967 at

38 4051 39 4090 ,
127 3997 242 4087 sector
261 4025 377 4078 causa
397 4017 519 4072 nostra
539 4005 587 4070 sit
600 4001 743 4070 dicimus
748 4054 761 4086 ‚
775 4004 910 4068 venece
923 4024 989 4069 nos
999 4006 1036 4069 in
1049 4005 1197 4093 Gallias,

132 4127 190 4178 arou
205 4095 347 4208 sponte,
371 4109 437 4178 sed
455 4123 619 4180 coactos:
636 4107 828 4204 prrsugos,
853 4105 956 4178 domo
969 4110 1111 4204 pulsos,
1137 4113 1203 4182 ali·

175 4245 243 4315 nr.
994 4238 1015 4321 5
