3000 5025
313 478 386 549 DE
414 480 546 550 VITA
572 482 721 551 JULII
750 481 1000 552 cAEsARIS.
1126 480 1198 554 183

135 606 220 677 Pedio
240 606 358 678 scribit
379 604 430 679 bis
449 612 582 681 verbis:
601 615 786 707 Pompeius
800 637 839 682 se
858 614 986 709 oppido
1004 629 1118 683 tenet:
1135 638 1202 697 nos

132 714 302 809 adportas
319 733 440 787 castra
457 718 646 787 babemus:
669 743 837 788 conamur
855 744 942 815 opus
963 744 1145 815 magnum,
1165 738 1202 791 et

70 903 71 912 ἵ
131 822 296 891 multorum
316 823 446 893 dierum
461 840 608 920 propter
627 826 842 921 altitudinem
863 832 987 913 moram
1008 827 1074 896 sed
1082 843 1202 899 tamen

130 927 202 997 mat
212 946 267 998 est
282 931 382 1025 quod
391 933 723 1026 potiusfaczunzus:
739 931 787 1001 ab
804 948 1078 1029 utroqueportus
1091 958 1199 1003 cornu

128 1035 221 1103 moles
232 1036 410 1127 saccinum
425 1054 465 1105 ut
476 1054 540 1107 aut
551 1040 645 1108 illum
662 1044 914 1134 quampnnmm
929 1039 1087 1132 amicere
1103 1041 1202 1135 quod

127 1138 220 1209 tabet
234 1145 425 1213 Brundusii
439 1150 616 1240 captiuum
629 1169 813 1239 cogamus,
831 1151 1003 1215 moenita
1017 1146 1198 1241 prolu'bcu-⁸

126 1270 197 1315 mm.
211 1249 330 1337 Quum
348 1274 429 1319 vero
449 1254 540 1319 exitu
559 1251 757 1345 probibere,
772 1254 841 1321 imo
860 1266 979 1321 natura
993 1254 1103 1346 ipsum
1117 1278 1194 1347 pro·

126 1350 264 1443 bibente,
284 1381 354 1425 non
373 1372 503 1451 posset,
527 1360 652 1427 catenis
674 1382 731 1427 eos
762 1373 880 1452 portus
909 1357 1077 1452 praeclusit
1103 1383 1111 1424 :
1138 1360 1199 1436 sed

43 1526 44 1535 ,
125 1482 222 1553 neque
241 1463 289 1530 sic
312 1462 460 1533 detinere
481 1463 587 1533 valuit
604 1465 801 1558 Pompeium
819 1466 899 1559 quin
920 1466 1003 1534 mari
1025 1463 1199 1538 Adriatico
1230 1467 1238 1479 '

42 1587 44 1637 ῑ
124 1564 343 1637 Durrachium
357 1572 537 1665 navigaret.
559 1570 799 1659 Caesar-,hoste
814 1570 973 1665 digresso,
987 1596 1091 1664 quum
1103 1575 1195 1665 sequi

41 1667 43 1701 ⁸
123 1669 205 1742 illum
224 1670 294 1743 non
321 1674 697 1771 posset,[Brundusium
716 1679 902 1771 ingressus,
917 1680 1113 1746 concionem
1134 1678 1195 1745 ba-

122 1775 202 1868 buit,
217 1806 285 1875 qua
303 1782 467 1875 justitiam
486 1808 594 1853 causae
616 1808 700 1870 suae,
724 1784 926 1877 injuriasque
946 1782 1094 1852 bostium
1121 1808 1194 1853 om·

122 1885 210 1955 nibus
230 1892 399 1983 aperiret:
423 1916 490 1983 quo
513 1890 621 1976 facto,
641 1915 746 1985 quum
765 1914 823 1958 sua
838 1888 900 1959 illis
920 1891 955 1957 in
973 1888 1055 1958 locis
1071 1890 1193 1960 inutilis

37 1984 40 2003 ‘
121 2014 208 2061 mora
227 2011 331 2082 esset,
351 1996 486 2091 nequid
501 1996 562 2067 sibi
579 1998 724 2066 otiosum
737 2010 870 2091 tempus
888 1995 1057 2083 efflueret,
1073 1996 1193 2065 urbem

120 2098 253 2169 Romam
275 2127 392 2171 versus
413 2106 476 2172 iter
501 2105 657 2197 arripuit,
680 2117 753 2173 toto
775 2101 852 2171 belli
882 2100 1001 2196 Gallici
1031 2102 1192 2173 decennio
1266 2093 1269 2102 ¹

34 2260 36 2269 .
119 2228 182 2273 non
201 2210 318 2277 visam.
340 2210 445 2302 Cujus
461 2209 623 2279 adventus
638 2208 728 2279 fama
739 2211 891 2305 cognita,
909 2224 1054 2303 quantus
1075 2212 1192 2279 Romae

118 2325 219 2381 terror
237 2314 339 2384 suerit
359 2316 450 2385 haud
465 2315 565 2385 ‘facile
583 2316 790 2404 dictumest,
811 2314 919 2385 multo
937 2315 1072 2409 quidem
1085 2317 1192 2409 major

118 2442 211 2511 quam
225 2438 464 2493 necesseesset.
480 2426 590 2491 Iratus
606 2422 739 2517 quidem
758 2421 871 2492 mutis
888 2437 982 2509 erat,
996 2437 1030 2490 et
1051 2422 1192 2491 fortasse

31 2615 33 2626 Ι
85 2620 87 2625 ,
118 2549 180 2594 non
201 2531 390 2618 immerito,
414 2531 471 2600 sed
493 2529 738 2600 iracundiorem
763 2528 984 2615 extimabant,
1007 2555 1075 2598 non
1102 2533 1190 2598 enim

31 2631 33 2702 l
117 2635 324 2725 naturaliter,
346 2661 453 2731 neque
477 2639 540 2706 nisi
565 2639 694 2732 magnis
721 2662 762 2704 ex
789 2638 897 2705 causis
919 2635 963 2703 ad
985 2635 1190 2704 iracundiam

31 2771 33 2804 ;
117 2763 235 2832 pronus
258 2743 332 2812 fuit
356 2746 460 2816 Venit
479 2769 560 2838 ergo
586 2746 746 2829 Romam,
770 2755 987 2834 senatumque
1013 2741 1131 2810 habuit
1149 2768 1190 2810 ex

115 2846 148 2914 iis
168 2850 375 2944 principibus
397 2853 454 2945 qui
482 2851 573 2919 domi
592 2849 808 2918 substiterant
823 2847 892 2915 :ibi
909 2862 1103 2941 perpetuam
1120 2848 1189 2918 dic·

116 2965 253 3024 taturam
283 2959 355 3051 ipse
378 2957 439 3026 sibi
460 2981 519 3026 sua
541 2957 739 3025 auctoritate
757 2955 918 3048 arripuit:
941 2953 1037 3046 unde,
1049 2956 1189 3030 Caesaris

115 3057 279 3132 dictatoris
301 3088 442 3151 nomem
462 3062 567 3132 multa
587 3087 718 3157 quoque
741 3061 927 3147 constituit,
942 3061 1108 3154 inquibus
1126 3087 1189 3157 pro

115 3161 179 3262 lege
200 3169 358 3238 voluntas
380 3170 452 3238 fuit.
472 3168 560 3238 Illud
582 3173 674 3240 inter.
700 3183 822 3238 cuncta
845 3167 1076 3255 memorabile;
1109 3193 1188 3238 nam

113 3278 258 3345 erarium
282 3275 399 3371 populi
431 3279 562 3345 romani
592 3275 684 3371 quod
707 3291 758 3344 tot
786 3276 958 3363 victoiiae,
986 3289 1036 3342 tot
1066 3274 1186 3344 saecula

114 3381 378 3477 compleverant,
401 3409 469 3452 uno
495 3383 549 3452 die
575 3383 743 3469 exhausit,
761 3383 913 3475 interque
933 3379 1011 3468 alia,
1030 3395 1069 3448 ut
1083 3383 1187 3476 scrip·

114 3497 194 3578 turin,
213 3489 355 3583 protulit
376 3515 416 3558 ex
440 3516 481 3560 eo
504 3488 645 3559 laterum
668 3512 847 3558 aureorum
865 3511 954 3559 xxvt
981 3485 1097 3574 millia,
1117 3513 1186 3557 non

114 3591 349 3666 thesaurisandi
366 3596 566 3692 cupiditate,
584 3596 641 3665 sed
661 3595 841 3690 largiendi:
856 3618 950 3680 uam,
968 3607 1006 3661 ut
1023 3591 1107 3662 alter
1124 3597 1186 3683 ait,

114 3721 204 3771 nemo
229 3702 395 3772 liberalius
414 3705 556 3772 victoria
567 3728 646 3773 usus
665 3717 731 3788 est,
747 3700 831 3771 nibil
844 3701 904 3770 sibi
919 3701 1054 3768 retinuit
1065 3715 1186 3794 praeter

113 3802 317 3901 dispensandi
330 3813 540 3905 potestatem.
554 3810 758 3904 Compositis
769 3807 868 3877 rebus
874 3806 1184 3893 urbanis,utvisu1n

113 3927 171 4000 est,
196 3918 344 3986 animum
367 3917 409 3984 ad
432 3933 570 3988 externa
595 3917 779 4003 convertit,
804 3929 905 4008 atque
925 3914 1077 4007 inprimis
1103 3916 1185 3983 Sici-

113 4014 183 4088 liam
207 4045 246 4091 ao
268 4023 473 4111 Sardiniam,
496 4023 564 4092 duo
590 4021 647 4092 illa
667 4023 790 4092 horrea
811 4017 927 4115 populi
949 4022 1097 4108 romani,
1123 4047 1184 4115 per

111 4123 228 4219 legatos
254 4129 485 4202 administrare
498 4130 692 4228 disposui,
715 4127 760 4199 de
775 4125 885 4204 Gallia
906 4125 989 4194 nihil
1011 4126 1184 4217 sollicitus,

930 4245 998 4332 12⁴
