3000 5025
38 98 46 399 ,

312 436 387 503 nn
414 380 546 504 virt
572 436 998 505 cunnensium.
1060 493 1064 501 .
1118 462 1188 535 117

132 567 308 638 mandatum
324 566 477 663 implesse
491 581 683 656 contentuS,
699 567 780 637 alias
797 594 929 663 quoque
945 569 1061 657 urbes,
1077 594 1191 667 accep

131 676 166 743 tis
183 675 364 762 obsidibus,
376 676 411 742 in
432 688 633 769 potestatem·
643 674 845 769 redegerat,
859 690 894 744 et
906 676 1006 745 rebus
1022 681 1191 773 prosperis

131 796 244 850 erectus
265 783 300 849 in
325 780 582 851 Narbonensem
605 783 813 875 provinciam
840 783 1053 877 properabat.
1079 787 1193 858 Caesar

131 996 242 1063 animos
263 993 483 1077 confirmam,
502 994 654 1087 praesidia
676 998 874 1090 opportunis
892 994 989 1084 locis,
1011 1021 1072 1090 per
1089 1013 1193 1067 extre

131 1124 175 1169 na
192 1103 368 1195 provinciae
385 1100 535 1169 hostibus
556 1101 707 1193 objecta,
727 1101 914 1190 distribuit,
931 1117 984 1191 et,
999 1119 1095 1198 parte
1113 1130 1190 1200 sup·

131 1206 272 1301 plementi
294 1232 403 1301 nuper
424 1232 465 1275 ex
489 1205 586 1277 Italia
620 1208 757 1277 adducti
789 1211 824 1277 in
851 1209 977 1279 AEduos
1004 1213 1191 1304 praemissa,
1284 1206 1290 1215 ¹

132 1314 334 1409 subsequitur.
357 1313 455 1383 AEdui
473 1314 515 1381 ab
540 1315 699 1385 Arvernis
718 1319 893 1402 Cevenna,
917 1331 1032 1386 moute
1050 1320 1190 1412 asperri-

131 1445 178 1489 mo
197 1446 233 1490 ac
254 1422 481 1508 nivosissimo,
502 1420 770 1515 distinguuntur,
792 1448 859 1516 quo
876 1447 910 1491 se
923 1424 1085 1511 Arverni,
1098 1426 1192 1517 quasi

130 1552 213 1597 muro
234 1527 362 1615 valido,
375 1530 623 1621 ¹,circumseptos
644 1528 866 1616 arbitrantur,
880 1553 921 1597 ea
938 1532 1083 1598 maxima
1096 1545 1192 1623 parte.

132 1636 212 1730 anni,
229 1659 295 1729 qua
324 1660 393 1703 non
414 1634 522 1705 dicam
545 1636 721 1721 exercitui,
747 1634 805 1703 sed
831 1658 874 1702 ne
901 1636 1022 1705 viatori
1056 1635 1191 1729 quidem

132 1739 327 1833 permeabilis
346 1741 447 1811 fuisse
459 1764 606 1835 unquam
623 1741 799 1811 diceretur.
815 1744 860 1810 Et
872 1755 969 1809 erant
979 1741 1022 1809 ab
1033 1766 1073 1809 ea
1084 1756 1196 1835 parte,

130 1870 163 1915 eo
182 1863 348 1942 tempore,
365 1847 464 1942 plane
479 1849 559 1935 tuti,
577 1849 605 1915 si
622 1845 781 1917 eumalio
798 1872 850 1917 res
863 1847 988 1917 luisset.
1008 1849 1053 1916 At
1069 1851 1192 1938 Caesar,

130 1967 161 2021 ut
184 1980 280 2049 quem
305 1954 396 2023 nulla
418 1980 470 2023 res
492 1958 616 2023 morari
636 1969 749 2048 posset
770 1969 829 2023 aut
853 1953 1047 2042 deflectere,
1060 1956 1137 2023 nive
1156 1957 1191 2022 in

127 2058 323 2133 altitudinem
344 2062 477 2156 pedum.
491 2086 548 2131 sex
571 2060 712 2149 dimota,
734 2076 769 2131 et
789 2062 967 2130 adversum
991 2086 1053 2156 per
1073 2062 1192 2155 jugum

126 2166 230 2237 itinere
259 2167 366 2238 multo
396 2168 509 2237 labore
537 2167 686 2262 peditum
711 2168 888 2263 expedito,
921 2189 1081 2237 arvernos
1108 2167 1193 2237 fines

126 2273 344 2370 inexpectatus
356 2275 557 2370 aggreditur.
571 2278 671 2345 Juvat
683 2273 777 2343 aliter
790 2276 878 2344 hanc
895 2300 967 2343 rein
982 2277 1089 2369 ipsam
1103 2274 1193 2343 Flori

127 2382 224 2451 verbis
245 2408 428 2477 exponere3
444 2386 515 2451 Per
535 2387 658 2468 trevias,
682 2381 804 2475 inquit,
822 2381 875 2451 ad
891 2380 932 2450 id
946 2397 1080 2477 tempus
1096 2406 1192 2451 mon-

124 2492 198 2558 tium
212 2492 377 2577 tumulos,
390 2515 461 2585 per
479 2494 633 2559 intactas
646 2494 726 2558 otas
746 2503 783 2556 et
798 2494 891 2560 nrbes
905 2489 1072 2584 expedita
1085 2513 1193 2558 manu

126 2619 262 2666 emersus
268 2653 280 2687 ,
304 2613 456 2692 occupat
476 2597 638 2666 Gallium.
659 2598 742 2664 Mox
764 2619 846 2664 vero
868 2608 907 2662 ut
924 2589 1121 2663 Arverniain
1143 2609 1193 2663 at·

128 2703 204 2796 tigit,
233 2705 384 2797 equitatu
411 2705 445 2771 in
473 2727 589 2772 ornnes
614 2700 741 2787 effuso,
772 2715 902 2770 tanturn
933 2701 1034 2772 subiti
1054 2702 1192 2770 terroris

128 2807 318 2899 incusserat,
341 2825 379 2878 ut
400 2809 521 2905 trepidi
543 2831 659 2876 onmes
686 2807 996 2900 Vercingetorigem
1019 2806 1061 2874 ad
1083 2805 1193 2876 feren-

130 2913 194 2983 dam
212 2942 311 3011 opem
334 2917 448 3012 patriae
464 2918 529 2984 suis
551 2911 695 2984 consiliis
712 2913 894 3000 laboranti,
910 2913 1034 2983 nuntiis
1056 2936 1096 2980 ac
1116 2937 1192 3008 pre·

130 3021 209 3093 cibus
230 3026 433 3106 excitarent5
449 3023 571 3116 quibus
586 3036 715 3108 meurs,
728 3023 763 3090 in
777 3020 919 3114 patriam
929 3019 1067 3088 redibat.
1080 3022 1193 3089 Caesar

129 3127 265 3220 iuterim,
277 3131 374 3223 jubet
394 3131 464 3198 siue
481 3128 724 3196 intermissione
743 3151 843 3221 agros
860 3125 1015 3194 bostium
1028 3125 1191 3221 populari.

130 3233 210 3328 lpse,
231 3263 274 3306 ne
295 3236 540 3330 suspicantibus
562 3232 640 3327 quid
659 3235 741 3317 suis,
759 3257 861 3326 quarn
876 3231 1048 3302 celerrime
1066 3247 1192 3326 potest,

130 3341 282 3412 Viennam
306 3343 529 3439 proficiscitur
548 3366 555 3408 :
574 3339 650 3410 inde
671 3341 835 3433 equitatu,
861 3363 963 3432 quern-
984 3337 1047 3408 ille
1062 3339 1193 3432 praemi·

131 3464 457 3545 serat,accepto,per
469 3448 594 3517 AEduos
606 3449 716 3542 pergit
725 3447 1057 3540 iuLingones3tanta
1069 3445 1193 3538 ubique

130 3554 311 3645 velocitate,
326 3571 446 3626 utnon
467 3568 598 3622 tantum
620 3553 732 3622 hostes
748 3576 889 3645 pavore,
906 3550 965 3621 sed
981 3553 1107 3620 amicos
1124 3565 1192 3620 stu-

130 3685 201 3754 pore
221 3662 461 3759 perfunderet,
478 3662 524 3730 sic
547 3658 796 3755 inopinantibus
813 3657 937 3727 aderat.
960 3655 1033 3726 Illic
1055 3657 1130 3726 duae
1147 3656 1192 3727 le·

131 3769 232 3860 giones
257 3773 291 3838 in
311 3769 459 3839 hibernis
481 3782 577 3836 erant
592 3793 600 3835 ε
618 3764 685 3861 ¹illis
702 3766 852 3853 eductis,
865 3778 942 3833 octo
957 3762 1099 3857 reliquas
1113 3763 1194 3835 hine

130 3872 195 3945 inde
207 3876 372 3972 dispersas
389 3889 523 3962 evocat,
542 3874 699 3970 priusque
714 3896 817 3966 quam
829 3871 959 3959 hostes,
976 3895 1044 3963 quo
1060 3871 1194 3961 ivisset,

131 3995 179 4049 aut
190 3984 267 4076 quid
280 3997 417 4078 ageret,
434 3995 587 4070 nossent,
605 4004 740 4050 ornnem
760 3980 942 4048 exercitum
959 3979 1194 4074 congregavit3

131 4099 217 4182 atque
235 4105 273 4162 ut
292 4087 413 4166 Florus
429 4088 517 4166 idem
539 4089 600 4177 ait,
621 4109 668 4164 ex
686 4083 896 4160 distantibus
913 4060 1062 4161 laternas
1075 4100 1195 4161 eastra

964 4203 1009 4292 ,2

38 444 40 487 i

135 887 291 957 canalium
311 888 417 957 hostis
440 885 628 982 intelligens
642 890 835 983 praecurrit3
851 904 885 958 et
896 905 1084 983 praeventos
1101 906 1194 961 metu

38 3225 40 3292 l

38 3307 40 3356 l
