3000 5025
330 480 405 565 402
628 452 667 544 css
694 472 842 545 mm
869 471 1111 547 ρατιονε

328 607 569 703 αὐτοκράτορος,
583 605 635 673 καὶ
654 614 716 674 τῶν
736 603 838 673 ἀλλων
854 605 1037 701 ταγμάτων,
1058 598 1202 675 δύναιντο
1216 572 1322 693 ποιεῖν,
1331 636 1399 680 νεα·

327 716 429 785 νίσκου
446 711 544 806 σφίσιν
556 715 724 808 ἡγουμένου
733 764 743 797 ,
752 704 960 791 ἐπιδείξασθαι
972 706 1163 804 ύουλύμενοι·
1179 716 1268 793 τελος
1282 742 1315 785 τε
1329 720 1399 796 τοὺς

326 820 489 914 πολεμίους
516 811 578 893 ἤδη
609 820 669 886 ὑπὸ
696 828 758 885 τῶν
787 818 974 911 τραυμάτων
1001 820 1285 912 ἀπειρηκότας,εἰς
1303 808 1397 917 φυγὴν

325 925 468 1021 ἔτρεψαν
490 921 542 992 καὶ
564 925 691 1017 συχνοὺς
718 928 819 991 αὐτῶν
843 916 1071 1016 διαφθείραντες
1093 928 1123 991 ἀν
1149 937 1190 1019 τῇ
1209 914 1293 1014 ἀδῷ,
1312 930 1399 1007 πολει

325 1032 444 1102 ἐκείνων
460 1026 681 1125 προσέύαλλον.
696 1019 843 1122 Ᾰλκίμως
858 1021 890 1096 δ’
904 1034 1005 1097 αὐτῶν
1024 1031 1288 1123 ἀπομαχομένων,
1301 1037 1396 1126 κριοὺς

324 1141 399 1233 μὲν,
420 1138 472 1207 καὶ
488 1140 621 1232 πύργους
637 1144 652 1205 ὁ
668 1136 811 1230 Κράσσος
835 1136 1096 1205 κατεσκευάσατο·
1119 1137 1208 1204 αὐτοὶ
1231 1130 1262 1203 δ’
1288 1138 1396 1209 ἄλλοτε

247 1312 249 1319 ,
324 1248 378 1339 μὲν
398 1235 522 1323 ἐξόδους
540 1242 726 1318 ποιήσασθαι
739 1246 1003 1337 ἐπιχειρήσαντες,
1021 1239 1134 1311 άλλοτε
1155 1236 1190 1309 δὲ
1208 1248 1396 1338 ὑπονόμους,

320 1350 381 1437 ὧν,
394 1356 518 1419 πολλῶν
545 1347 631 1443 παρὰ
655 1349 740 1439 σφίσι
768 1350 865 1416 όντων
892 1356 1065 1441 χαλκειῶν,
1086 1352 1306 1442 ἐμπειρότατοι
1328 1353 1395 1421 εἰσὶν

324 1446 509 1540 Ᾰκυῖτανοὶ,
530 1458 590 1524 ὑπὸ
617 1453 674 1533 τὰς
699 1453 841 1548 μηχανὰς
867 1449 1047 1549 ὀρύξαντες,
1062 1447 1168 1529 ἐπειδὴ
1189 1449 1243 1549 διὰ
1260 1461 1319 1533 τὴν
1338 1472 1394 1527 τῶν

324 1551 470 1657 Ῥωμαίων
485 1564 658 1655 ἐπιμέλειαν
671 1554 760 1629 οὐδὲν
775 1562 917 1640 ἀνυόντες
933 1563 1085 1657 ἔγνωσαν,
1099 1557 1240 1655 πρέσόεις
1253 1565 1330 1657 πρὸς
1343 1566 1393 1633 τὸν

322 1671 465 1764 Κράσσον
480 1672 671 1762 πέμποντες,
686 1660 828 1760 δέχεσθαι
846 1673 925 1760 σφοῖς
939 1668 980 1747 είς
996 1671 1209 1762 προυχώρησεν
1224 1672 1319 1738 αὐτὸν
1338 1672 1394 1739 ἱκέ-

310 1802 420 1845 τευον·
438 1778 552 1844 τούτου
571 1776 625 1869 μέν
644 1775 813 1865 τυχόντες,
827 1774 879 1840 καὶ
897 1772 940 1841 τὰ
964 1778 1046 1842 ὅπλα
1066 1765 1277 1867 παραδιδόναι
1294 1784 1393 1845 κελευ-

318 1883 458 1966 σθέντες,
474 1884 511 1949 τὸ
527 1881 701 1974 προςαχθέν
724 1884 921 1956 ἐποιήσαντο.

371 1991 485 2057 XXII.
502 1991 635 2054 Πάντων
661 1978 696 2053 δὲ
716 1994 778 2054 τῶν
800 1990 865 2067 ἐκεῖ
879 1973 1029 2080 Ρωμαίων
1051 1999 1097 2075 τῷ
1113 1990 1277 2085 πράγματι
1293 1995 1392 2078 τούτῳ

319 2099 372 2169 τὸν
400 2105 467 2163 νοῦν
495 2095 735 2189 προσεχόντων,
755 2090 833 2187 άλλη
855 2104 912 2171 τῆς
930 2095 1050 2193 πολεως
1072 2102 1088 2161 ὁ
1110 2098 1266 2191 ςρατηγὸς
1295 2102 1390 2165 αὐτῶν
1476 2080 1484 2095 ’

318 2194 546 2279 Ᾰδκαντούῖνος
570 2200 623 2266 σὺν
645 2192 812 2277 ἑξακοσίοις
832 2201 1041 2293 συνωμόταις,
1069 2198 1119 2280 οὒς
1148 2203 1237 2270 αὐτοὶ
1259 2197 1391 2273 Συλδου-
1477 2232 1481 2237 ·

319 2311 414 2405 ρίους,
428 2307 701 2401 προσαγορεύουσιν
721 2301 783 2390 (ὧν
799 2308 878 2381 αὕτη
894 2305 957 2384 ἐςὶν
971 2314 989 2381 ἡ
1005 2302 1168 2400 σύμόασις·
1181 2317 1305 2402 πρῶτον
1321 2313 1389 2403 μὲν,

265 2440 268 2444 ’
317 2416 442 2486 πάντων
464 2424 526 2480 τῶν
545 2416 575 2479 ἐν
597 2419 643 2499 τῷ
665 2406 722 2499 ύίφ
741 2411 863 2505 ἀγαθῶν
882 2412 1021 2497 τούτοις,
1035 2411 1079 2492 οἷς
1098 2408 1183 2493 ἀπαξ
1200 2416 1304 2506 φιλίαν
1321 2444 1388 2485 συν·

317 2529 455 2617 ώμοσαν,
469 2526 629 2588 κοινωνεῖν·
653 2520 762 2619 ἔπειτα
780 2509 815 2584 δὲ
827 2569 836 2602 ,
850 2517 878 2585 εῖ
894 2547 927 2589 τι
946 2511 1043 2588 δεινὸν
1066 2522 1144 2589 ποτὲ
1161 2519 1318 2616 συμόῇ,ἢ
1335 2528 1388 2598 την

317 2633 413 2704 αὐτὴν
435 2615 556 2704 ἐκείνοις
570 2627 667 2717 τύχην
681 2627 859 2718 ὑποφέρειν,
873 2624 892 2699 ἢ
911 2625 963 2693 καὶ
979 2628 1106 2706 ἑαυτοὺς
1126 2632 1386 2723 καταχρήσασθαι·

314 2739 385 2806 οὔτε
399 2737 441 2830 γ’,
455 2736 510 2811 ἕως
526 2723 619 2800 τοῦδε
634 2733 680 2822 ἐφ’
694 2734 765 2798 ὅσον
784 2733 817 2825 γ’
831 2724 992 2808 ἐξικνεῖται
1008 2741 1027 2808 ἡ
1047 2743 1109 2802 τῶν
1127 2734 1294 2830 ἀνθρώπων
1313 2740 1385 2831 μνη’·

316 2870 358 2937 μη
380 2843 499 2935 ἐγένετο
518 2840 611 2931 ἀνὴρ,
626 2841 710 2922 όςις,
723 2836 919 2928 φονευθέντος
938 2840 1074 2923 τούτου,
1089 2838 1114 2927 ᾧ
1128 2840 1231 2931 φιλίαν
1252 2848 1384 2937 συνύμη.

315 2974 384 3033 σεν,
397 2949 434 3016 τὸ
450 2948 491 3038 μη
509 2944 670 3012 ἀποθανεῖν
684 2941 915 3036 παραιτήσεω)
930 2945 984 3010 σὺν
1004 2948 1128 3024 τούτοις
1143 2948 1198 3038 μὲν
1216 2946 1268 3017 οὖν
1284 2944 1383 3028 ἐξιέναι
1482 2974 1483 2981 “

315 3055 365 3122 ἐπὶ
378 3055 451 3131 τοὺς
469 3035 627 3142 Ῥωμαίους
646 3047 836 3142 ἐπεχείρησεν
855 3054 872 3116 ὁ
891 3039 1131 3130 Ᾰδκαντούινος·
1148 3066 1281 3150 κραυγῆς
1301 3050 1330 3123 δ’
1344 3059 1384 3122 ε’ν-
1481 3041 1482 3057 ί

315 3159 415 3228 ταῦθα
435 3155 631 3251 ἐπαρθείσης,
653 3163 716 3221 τῶν
738 3181 773 3222 τε
791 3139 941 3248 Ρωμαίων
961 3155 1010 3224 ἐπὶ
1030 3155 1073 3225 τὰ
1090 3160 1173 3226 ὅπλα
1193 3164 1382 3256 τρεχόντων,

314 3267 365 3334 καὶ
384 3265 486 3358 μάχης
505 3262 631 3356 ἰσχυρᾶς
648 3262 831 3358 γενομένης,
846 3261 886 3339 εἰς
906 3262 963 3331 τὴν
978 3264 1068 3330 πολιν
1082 3267 1293 3358 ἐσαρραχθεὶς,
1307 3273 1381 3362 ὅμως

314 3372 354 3451 εἰς
366 3373 578 3464 προσχώρησιν
587 3369 696 3436 ἑαυτὸν
710 3359 855 3459 δέχεσθαι
861 3365 947 3462 παρὰ
955 3380 1013 3436 τοῦ
1019 3369 1167 3462 Κράσσου
1184 3364 1379 3466 διεπράξατο.
1464 3445 1470 3456 ,

366 3478 497 3546 XXIII.
510 3471 560 3541 Τδι
572 3475 634 3567 μὲν
654 3470 704 3540 οὖν
720 3477 803 3541 ὅπλα
819 3472 871 3541 καὶ
885 3477 1017 3568 ὁμόρους
1039 3479 1113 3569 παρ’
1127 3482 1230 3546 αὐτῶν
1247 3477 1347 3548 λαθὼν
1364 3487 1379 3547 ὁ

228 3655 231 3662 .
312 3585 476 3680 Κράσσος,
494 3579 544 3649 ἐπὶ
562 3583 619 3656 τὴν
638 3589 699 3646 τῶν
719 3583 864 3646 Βοκατῶν
887 3580 939 3648 καὶ
956 3593 1020 3679 τῶν
1038 3585 1266 3676 Ταρρουσατῶν
1283 3591 1377 3681 χώραν

311 3694 434 3767 ἤλασεν.
452 3689 494 3755 Οἱ
524 3677 560 3752 δέ
585 3680 735 3778 όάρύαροι
761 3687 1014 3780 ἐποτρυνθέντες,
1042 3692 1094 3755 ότι
1117 3690 1235 3786 ὀλίγαις
1257 3693 1376 3787 πρόσθεν

311 3801 439 3891 ἡμέραις
459 3795 548 3863 πόλιν
567 3803 631 3871 τῆς.
642 3818 677 3859 τε
695 3795 811 3876 φύσεως
832 3790 886 3860 καὶ
903 3802 959 3872 τῆς
980 3796 1092 3887 τέχνης
1108 3801 1140 3863 εὐ
1159 3799 1288 3890 ἐχουσαν
1300 3849 1310 3883 ,
1322 3799 1376 3866 ὑπὸ

309 3913 373 3973 τῶν
389 3889 538 3994 Ῥωμαίων
558 3899 830 3991 ἐκπολιορκηθῆναι
849 3901 983 3996 ἔγνωσαν
995 3946 1006 3983 ,
1020 3900 1106 3995 παρά
1122 3929 1158 3969 τε
1175 3906 1249 3983 τοὺς
1263 3903 1375 3997 ἀςυγεί·

310 4036 402 4088 τονας
424 4001 640 4102 ἐπρεσύεύοντο
649 4056 663 4089 ,,
672 4003 725 4072 καὶ
746 4007 890 4083 ἀλληλοις
918 4009 1091 4100 συνύμνυύν
1110 4034 1165 4092 τε,
1180 4010 1232 4077 καὶ
1250 4015 1374 4105 ὁμόρους

311 4108 471 4197 ἐδίδοσαν,
483 4113 535 4180 καὶ
548 4113 641 4190 ςύλον
658 4113 754 4206 μέγαν
769 4107 1043 4206 παρεσκευάζοντο·
1058 4106 1270 4209 διεπέμψαντο
1281 4109 1315 4184 δέ
1327 4119 1373 4184 καὶ
