3000 5025
256 485 564 555 INTERPRES
591 489 818 557 GRAEcUs
849 492 946 557 Lm.
973 492 1025 557 ιι.
1096 487 1168 585 377

12 606 13 609 ¹
100 610 191 685 όοικοι
206 619 262 684 τὸν
277 620 454 704 Διβιτιακὸν
470 621 523 685 σὺν
544 630 583 713 τῇ
599 628 661 687 τῶν
677 606 819 687 Ἑδουέων
833 626 950 712 ςρατιᾷ
962 623 1002 701 είς
1017 626 1073 696 τὴν
1088 633 1170 714 σφῶν

99 727 201 816 χώραν
223 718 383 817 έμύάλλιιν
407 726 587 799 ἠκηκόεσαν·
608 730 687 792 ὥστε
706 728 828 805 τούτοις
846 730 942 818 μένειν
954 780 963 812 ,
975 728 1026 794 καὶ
1042 732 1084 819 μὴ
1106 737 1171 806 τοῖς

99 839 183 920 σφῶν
197 826 379 923 ἐπικουρεῖν,
390 830 499 897 πείθειν
514 835 572 922 οὐχ
584 828 645 899 οἷόν
660 856 694 899 τε
707 828 754 905 ἦν.

150 938 212 1003 ΧΙ.
228 939 340 1004 Ταῦτα
354 937 406 1029 μὲν
429 934 478 1003 υθν
497 939 747 1021 καταςνίσαντες,
762 948 802 1032 τῇ
826 931 955 1033 δευτέρᾳ
976 946 1097 1035 φυλακῇΙ
1118 942 1169 1007 σὺν

12 1118 13 1123 ¹
100 1040 223 1137 μεγαλῳ
234 1044 343 1129 κτύπῳ
352 1068 387 1109 τε
400 1045 451 1109 καὶ
461 1038 590 1137 θορύόῳ,
599 1035 743 1136 οὐδεμίαν
755 1036 855 1128 τάξιν,
869 1044 932 1112 οὔθ’
940 1046 1076 1138 ἡγεμόνα
1089 1048 1172 1137 ἕχον·

18 1180 20 1189 ·
98 1174 171 1229 τες,
189 1147 258 1215 ἀλλ’
277 1149 389 1226 ἑκάςου
407 1150 534 1242 πρόσθεν
553 1150 626 1217 ἰέναι
652 1145 854 1243 ύουλομένου,
873 1150 925 1218 καὶ
943 1150 1019 1219 οἴκοι
1038 1151 1170 1245 παραγί-

98 1253 198 1321 νεσθαι
213 1246 417 1339 σπεύδοντος,
433 1256 577 1330 ἐποίησαν
592 1256 699 1347 ὁμοίαν
714 1268 811 1351 φυγῆς
825 1260 881 1331 τὴν
896 1257 1019 1351 πορείαν
1037 1256 1170 1352 γίνεσθαι

99 1364 213 1439 αὐτοῖς.
230 1362 354 1437 Τούτου,
369 1353 399 1427 δ’
414 1362 497 1441 εὐθὺς
515 1372 561 1450 τῷ
582 1361 717 1456 Καίσαρι
735 1366 796 1432 ὑπὸ
814 1372 876 1429 τῶν
895 1364 1101 1431 κατασκόπων
1115 1390 1169 1438 ση-

99 1464 288 1560 μανθέντος,
311 1468 403 1546 αὐτὸς
424 1470 497 1537 τότε
523 1470 577 1562 μὲν
598 1459 778 1561 δείσας,μή
800 1462 907 1563 ἐνέδρα
930 1498 976 1549 τις
999 1470 1086 1544 ὑπείη
1110 1466 1170 1553 (οὐ

97 1573 153 1669 γάρ
163 1598 215 1639 πω
227 1572 260 1639 τί
269 1564 312 1647 δύ
321 1599 398 1641 ποτε
408 1575 436 1642 οἱ
449 1576 589 1667 πολέμιοι
599 1576 794 1668 ἀπεχώρουν,
804 1578 859 1649 τὴν
870 1574 970 1643 αἰτίαν
982 1568 1060 1661 οἶδε)
1068 1578 1125 1651 τόν
1137 1602 1171 1643 τε

97 1678 229 1775 ςρατιθιν
241 1678 294 1746 καὶ
308 1682 364 1754 τὴν
379 1681 472 1749 ἵππον
488 1687 590 1749 πᾶσαν
605 1684 634 1747 ἐν
654 1690 700 1768 τῷ
714 1675 902 1774 ςρατοπέδῳ
919 1684 1061 1775 κατέσχε·
1077 1686 1125 1777 Τῆ
1141 1674 1170 1747 δ’

97 1786 241 1879 ιἰςεραίᾳ,
254 1793 312 1853 τοῦ
332 1787 515 1882 πράγματος
529 1790 589 1855 ὑπὸ
609 1797 671 1854 τῶν
686 1789 892 1856 κατασκόπων
904 1800 1033 1882 φανεροῦ
1046 1790 1170 1883 γενομέ-

12 1962 13 1967 ,
35 1938 39 1949 ,
96 1918 162 1977 νου,
175 1897 282 1969 πᾶσανΙ
302 1894 359 1965 τθν
381 1895 474 1962 ἵππον
498 1886 514 1961 ό
540 1896 680 1988 Καῖσαρ,
694 1897 796 1988 ταύτῃ
823 1891 954 1963 Κοίντον
976 1887 1171 1979 Πέδιον,καὶ

96 2001 225 2067 Λούκιον
234 1984 460 2093 ὒρογκουλιίϊον
470 2002 611 2085 Κότταν,
624 1992 680 2069 δύο
694 2013 755 2067 τῶν
765 2006 1002 2094 ὑποςρατηγῶν,
1012 2004 1171 2084 ἐπιςησας,

96 2108 151 2179 τὴν
172 2114 235 2172 τῶν
255 2105 408 2197 πολεμίων
427 2107 658 2197 ὀπισθοφύλακα
679 2118 845 2201 μενοῦσαν,
863 2104 1107 2200 προύπέμψατο,
1121 2108 1172 2175 καὶ

97 2220 141 2299 τῷ
166 2206 314 2299 Λαύιηνῷ
341 2210 421 2304 μετὰ
449 2221 539 2306 τριῶν
565 2213 734 2308 ταγμάτων
762 2212 941 2304 ἐφέπεσθαι,
959 2218 1171 2308 παράγγειλον.

98 2316 263 2410 Οὗτοιμέν
284 2318 311 2383 οἱ
326 2318 426 2409 ἱππεῖς
441 2328 505 2398 τοῖς
520 2320 662 2411 ἐσχάτοις
677 2320 906 2412 τῶνπολεμίων
920 2319 1107 2413 ἐπιθέμενοι,
1121 2321 1172 2388 καὶ

96 2422 195 2503 πολλὰ
216 2416 323 2502 ςάδια,
338 2426 448 2503 αὐτοὺς
467 2417 648 2508 διώξαντες,
666 2427 868 2519 παμπολλους
888 2429 989 2493 αὐτῶν
1004 2429 1171 2522 φεύγοντας

96 2527 282 2620 κατέκοψαν·
299 2541 354 2610 τῆς
376 2523 411 2597 δὲ
431 2532 693 2619 ὀπισθοφύλακας,
712 2534 787 2624 πρὸς
807 2534 842 2608 ἢν
861 2529 951 2605 ἦλθον
971 2535 999 2600 οἱ
1016 2520 1172 2627 Ρωμαῖοι,

97 2629 322 2731 ὑπομενούσης,
341 2637 392 2704 καὶ
411 2637 542 2730 θρασέως
556 2641 626 2716 τοὺς
646 2623 805 2730 Ῥωμαίους
826 2640 988 2722 ἐπιόντας,
1007 2640 1048 2718 είς
1068 2647 1170 2732 χεῖρας

97 2735 282 2836 δεχομένης,
301 2744 334 2822 οἱΙ
351 2755 468 2836 πρῶτοι
487 2739 545 2822 ἔξω
567 2754 623 2811 τοῦ
640 2736 781 2811 κινδύνου
803 2736 864 2817 ἤδη
889 2740 962 2810 εἶναι
983 2740 1177 2842 νομίζοντες,

97 2849 145 2918 καὶ
168 2843 299 2942 οὐδεμιᾷ
323 2851 456 2946 ἀνάγκη,
474 2843 541 2917 οὐδ’
561 2848 687 2942 ἄρχοντι
712 2844 1092 2948 κατασχεθέντες,1ἐπειδὴ
1116 2862 1172 2929 τῆς

15 2976 17 2982 ’
97 2959 371 3050 πρώτηςκραυγῆς
384 2959 535 3040 ἤκουσαν,
549 2956 633 3034 εὐθὺς
651 2957 703 3022 σὺν
722 2963 823 3051 πολλῇ
841 2965 903 3023 τῶν
920 2951 1035 3034 τάξεων
1050 2968 1172 3050 ταραχῇ

96 3068 197 3129 πᾶσαν
215 3065 270 3136 τὴν
286 3073 343 3140 τῆς
362 3071 445 3154 σφῶν
472 3062 621 3155 σωτηρίας
643 3055 757 3129 ἐλπίδα
782 3067 812 3132 ἐν
833 3072 875 3156 τῇ
897 3073 978 3158 φυγῇ
1001 3067 1169 3132 ἐποιοῦντο·

96 3171 150 3246 ὦς’
164 3160 332 3247 ἀκινδύνως
354 3169 382 3236 οἱ
403 3170 600 3260 Καισάρεια,
614 3171 660 3259 ἐφ’
672 3173 741 3235 όσον
760 3171 860 3263 ἡμέρα
877 3171 1016 3263 ἐγένετο,
1031 3169 1173 3238 άποκτιί-

95 3301 197 3353 νοντες
216 3277 326 3352 αὐτοὺς
345 3279 401 3342 οὐκ
419 3278 603 3344 ἐπαύσαντο·
619 3277 727 3353 νυκτὸς
748 3267 778 3341 δ’
795 3271 1171 3359 αὐτοὺςικαταλαύούσης,

95 3391 149 3459 τῆς
177 3373 309 3459 διώξεως
334 3381 387 3472 μὲν
411 3383 497 3460 τέκος
523 3385 723 3465 ἐποιήσαντο,
740 3382 792 3450 καὶ
812 3383 888 3476 πρὸς
902 3383 940 3450 τὸ
958 3374 1170 3474 ςρατόπεδον,

31 3543 34 3551 .
95 3486 176 3554 κατὰ
191 3487 227 3564 τὸ
248 3488 309 3554 ὑπὸ
323 3497 379 3554 τοῦ
392 3487 548 3581 Καίσαρος
562 3487 735 3573 κελευσθὲν,
751 3490 996 3581 ἐπανεχώρησαν.

146 3594 228 3662 XII.
248 3596 296 3686 Τῇ
320 3584 350 3658 δ’
371 3592 531 3686 ύςεραίᾳό
555 3597 695 3687 Καῖσαρ,
717 3594 786 3688 πρὶν
809 3593 828 3669 ἢ
852 3596 923 3672 τοὺς
946 3594 1110 3686 πολεμίους
1135 3596 1170 3660 ἐκ

97 3724 130 3766 τε
145 3707 204 3766 τοῦ
218 3694 335 3789 φόύου,
351 3699 401 3766 καὶ
424 3709 480 3780 τῆς
502 3711 598 3794 φυγῆς
621 3701 747 3778 ἑαυτοὺς
770 3695 953 3800 ἀναλαύεῒν,
968 3699 1008 3777 εἰς
1028 3703 1082 3774 τλν
1106 3708 1168 3767 τῶν

97 3805 320 3889 Σσυεσσιόνων,
343 3805 471 3886 πλησίον
496 3817 553 3873 τοῦ
577 3792 674 3880 Ριίνου
699 3805 881 3890 οἰκούντων,
902 3809 1004 3900 χώραν
1030 3805 1169 3900 εἰσάγαγε

96 3914 132 3980 τὸ
150 3909 324 4004 ςράτευμα·
340 3916 455 3992 πολλάν
480 3939 515 3978 τε
539 3904 600 3986 ἤδη
624 3912 736 3990 ἀνύσας
755 3904 845 3997 ὁδὸν,
859 3914 934 4004 πρὸς
958 3913 1046 3980 πόλιν
1068 3917 1169 3979 αὐτῶν

97 4010 301 4108 Νουϊόδουνυν
327 4020 514 4111 καλουμένην
537 4021 731 4113 παρεγένετο·
747 4019 798 4086 καὶ
821 4021 939 4095 ταύτην
958 4021 992 4085 ἐκ
1017 4029 1074 4095 τῆς
1093 4010 1169 4086 όδοθ

98 4118 284 4205 καταλαύεῖν
297 4126 511 4218 ἐπιχειρήσας,
526 4127 575 4192 ότι
589 4124 708 4221 ὀλίγους
723 4119 884 4203 εἶναιτοὺς
902 4116 1170 4216 διαφυλάττοντας
