3000 5025
263 480 827 560 INTERPRES.GRAECUS
857 484 955 553 LIB.
982 485 1050 556 IV.
1111 486 1187 574 415

112 622 187 715 τοὺς
196 671 213 704 ,.
226 621 366 695 τὴντῶν
381 604 531 710 Ῥωμαίων
554 614 685 709 ςρατιθιν
701 618 821 707 τολμᾷν
840 640 875 682 τε
894 615 948 685 καί
967 610 1115 687 θόνασθαι
1133 623 1188 692 τὸν

111 713 209 802 Ῥῆνον
231 717 397 793 θιαόαίνειν
412 731 566 818 ὁρῶντας,
582 721 651 815 περὶ
669 728 733 800 τοῖς
751 729 834 813 σφῶν
857 713 1000 794 θεθιέναι.
1016 726 1102 819 Πρὸς
1118 733 1190 797 τοό.

112 858 180 911 τοις
203 825 258 916 δέ,
277 833 306 899 οἱ
337 834 429 925 πέραν
456 840 514 899 τοῦ
539 830 648 907 Μόσου
670 828 720 897 ἐπὶ
735 826 820 895 λείαν
839 831 900 896 ὑπὸ
923 840 989 897 τῶν
1009 834 1188 930 Τεγχθέριον

110 940 318 1032 πεμφθέντες,
333 942 492 1032 μότερτῆς
512 935 615 1028 μάχης
638 934 847 1027 μετασχόντες
868 935 988 1020 ἱππεῖς,
1010 940 1104 1032 πέραν
1132 954 1189 1011 τοῦ

109 1030 209 1120 Γόνου
228 1047 302 1138 πρὸς
324 1046 396 1123 τοὺς
415 1037 607 1136 Συεάμόρους
627 1037 708 1135 μετὰ
731 1042 787 1116 τὴν
812 1040 915 1133 μάχην
943 1034 1188 1141 θεεπεφεόγεσαν.

111 1154 178 1219 Τοῦ
191 1152 347 1245 Καίσαρος
362 1143 398 1217 δὲ
415 1151 491 1243 πρὸς
510 1150 621 1228 αὐτοὺς
634 1142 796 1240 πρέσόεις,
812 1150 884 1226 τοὺς
907 1153 1008 1237 έαυτῷ
1028 1155 1131 1220 τεκαὶ
1149 1166 1190 1251 τῇ
1238 1142 1240 1147 ’

111 1257 255 1350 Γαλατίᾳ
275 1258 414 1351 ,πολεμον
442 1257 680 1350 ἐπενεγκόντας,
700 1259 803 1342 ἑαυτῷ
830 1248 1023 1349 παραδοῦναι
1051 1263 1190 1330 κελεόον-

110 1392 189 1449 τοις,
203 1361 401 1457 πέμψαντος,
416 1362 619 1456 ἀπεκρίναντο
634 1365 738 1431 ἐκεῖνοι
749 1414 759 1447 ,
771 1365 828 1437 τὴν
847 1374 909 1431 τῶν
928 1348 1077 1455 Ῥωμαίων
1092 1366 1188 1460 ἀρχὴν

110 1480 157 1559 τῷ
175 1457 266 1557 Γνόνῳ
280 1472 374 1563 πέρας
387 1464 576 1562 λαμόάνειν,
591 1468 643 1537 καὶ
660 1469 686 1535 εί
702 1474 781 1559 σφοῖς
802 1465 932 1548 άιιοντος
954 1474 1050 1539 αὑτοῦ
1069 1472 1111 1551 είς
1132 1477 1189 1549 τὴν

90 1578 93 1583 ’
111 1576 270 1645 Γαλατίαν
287 1577 483 1672 περαιοῦσθαι
506 1567 613 1643 ἄθικον
628 1581 644 1642 ό
659 1578 781 1668 Καῖσαρ
800 1581 925 1670 ἡγοῖτο,
943 1575 976 1643 τί
998 1569 1117 1653 θηποτε
1132 1583 1189 1648 ηε.

112 1711 167 1777 ραν
186 1694 243 1752 τοῦ
263 1668 362 1758 Ρόνου
383 1680 453 1752 τινὰ
473 1680 619 1776 ἀρχὴν,ἢ
638 1673 767 1775 θόναμιν
786 1683 868 1778 ἔχειν
892 1685 1047 1767 βούλοιτο·
1062 1690 1190 1780 προσέτι

111 1783 166 1873 δὲ,
181 1791 210 1857 οἱ
229 1785 340 1859 Οόόιοι
358 1790 445 1882 μόνοι
463 1798 524 1857 τῶν
540 1792 702 1882 Γερμανῶν
722 1783 863 1882 πρέσόεις
880 1791 956 1882 πρὸς
974 1793 1028 1858 τὸν
1047 1791 1194 1887 Καίσαρα
1213 1863 1215 1866 ,

112 1897 181 1991 περὶ
207 1896 309 1989 φιλίας
339 1896 390 1966 καὶ
417 1895 594 1990 συμμαχίας
622 1894 823 1991 πέμψαντες,
846 1900 979 1990 ὁμόρους
1004 1924 1039 1964 τε
1065 1890 1193 1986 θόντες,

113 2009 229 2087 αὐτοῦ,
243 2014 300 2071 τοῦ
323 2002 408 2095 σφίσι
430 1998 565 2087 όοηθεῖν,
579 1994 722 2086 ἐθέοντο,
737 2004 797 2071 θπθ
820 2010 883 2070 τῶν
906 2005 1042 2071 Σουεόων
1062 2005 1192 2099 ἰσχυρῶς

113 2096 269 2192 πιέζεσθαι
281 2113 434 2205 λέγοντες·
450 2110 475 2177 εἰ
485 2102 520 2177 θὲ
535 2120 630 2178 τοῦτο
646 2102 750 2177 θιθιτίι
764 2118 827 2176 τῶν
841 2094 991 2198 Ῥωμαίων
1007 2114 1050 2203 μὴ
1066 2104 1193 2180 θόναιτο

114 2218 287 2313 πράγματα
302 2216 512 2301 ποιήσασθαι,
531 2219 585 2286 τὸν
621 2222 733 2285 ἑαυτοῦ
763 2217 878 2309 ςρατὸν
900 2227 973 2312 γοῦν
1003 2210 1193 2299 θιαόιόοίζειν

114 2326 260 2392 ἱκέτευον·
274 2335 370 2392 τοῦτο
388 2322 472 2415 σφίσι
493 2325 569 2418 πρός
586 2350 621 2391 τε
641 2328 697 2399 τὴν
715 2334 773 2391 τοῦ
788 2324 941 2417 παρόντος
966 2324 1127 2409 βοιίθειαν,
1141 2328 1194 2394 καὶ
1213 2389 1217 2395 ,

113 2436 171 2507 τὴν
186 2440 244 2499 τοῦ
256 2438 368 2500 λοιποῦ
383 2432 516 2524 ἀρκέσειν
533 2422 670 2516 ἐλπίθα,
683 2430 864 2524 φάσκοντες·
879 2440 936 2499 τοῦ
949 2432 1004 2524 μέν
1022 2431 1081 2528 γὰρ
1096 2422 1192 2528 Ᾰριο·

114 2535 206 2630 όίςου
230 2542 265 2606 έκ
287 2551 343 2617 τῆς
363 2537 520 2616 Γαλατίας
531 2527 747 2622 Ιἐξελαθέντας,
762 2535 813 2604 καὶ
831 2546 895 2605 τῶν
910 2538 1088 2632 Τεγχθέριον
1104 2541 1196 2620 νειοςὶ

115 2645 332 2730 ἡττηθέντων,
347 2649 445 2724 οὕτως
459 2638 625 2721 αὐξηθῆναι
638 2641 725 2737 παρὰ
737 2647 815 2710 πᾶσι
829 2651 894 2721 τοῖς
907 2643 1073 2737 Γερμανοῖς
1087 2648 1125 2714 τὸ
1138 2659 1196 2716 τοῦ

116 2765 178 2822 τῶν
197 2737 348 2845 Ῥωμαίων
367 2761 486 2845 ςρατοῦ
506 2752 621 2843 ὄνομα,
638 2755 699 2828 ὥςε
723 2749 775 2818 καὶ
794 2751 870 2843 πρὸς
888 2750 930 2816 τθι
953 2759 1009 2828 τῆς
1026 2752 1195 2845 Γερμανίας

116 2864 238 2954 ἔσχατα
261 2860 349 2944 έθνη,
371 2865 436 2937 τοῖς
461 2861 516 2933 τὴν
542 2859 618 2950 πρὸς
637 2857 710 2935 τοὺς
732 2841 893 2949 Ῥωμαίους
913 2855 1124 2956 σφίσιφιλίαν
1143 2862 1195 2928 καὶ

116 2965 295 3062 συμμαχίαν
326 2967 417 3059 μόνον
443 2960 723 3058 προόαλλομένοις,
740 2971 836 3054 τοῦτο
851 2963 964 3056 ,ἀρκεῖν
990 2966 1065 3057 πρὸς
1092 2965 1194 3058 οίσφοί-

116 3081 222 3162 λειαν,
237 3073 352 3168 ἔλεγον.
374 3075 461 3140 Νεῶν
484 3062 519 3138 θὲ
545 3074 621 3165 πρὸς
643 3072 766 3147 τούτοις
784 3070 880 3137 πολθν
901 3070 1046 3164 ἀριθμὸν,
1062 3075 1138 3166 πρὸς
1157 3080 1195 3142 τὸ

118 3167 171 3250 τόν
193 3182 309 3273 ςρατὸν
325 3172 534 3261 θιαόιόάζειν,
550 3169 772 3273 ὑπισχνοῦντο]

171 3289 287 3356 XVII.
299 3285 357 3353 Διὰ
370 3287 489 3364 ταότας
500 3285 554 3378 μὲν
567 3282 617 3352 οὖν
627 3281 686 3362 τὰς
696 3286 916 3379 προειρημένας
931 3282 1032 3362 αἰτίας
1043 3291 1060 3352 ὁ
1074 3289 1195 3381 Καῖσαρ

120 3388 287 3462 θιαόαίνειν
299 3389 354 3461 τόν
366 3378 462 3468 Ῥῆνον
476 3383 496 3457 θ
498 3399 633 3460 ιενοεῒτο·
646 3392 684 3459 τὸ
697 3383 719 3458 θ
720 3393 733 3458 θ
746 3387 865 3480 πλοίοις
877 3392 1090 3485 περαιοῦσθαι,
1099 3404 1196 3463 τοῦτο

120 3504 191 3568 οὔτε
212 3511 269 3568 τοῦ
290 3510 352 3566 τῶν
374 3485 541 3593 Ῥωμαίων,
560 3499 623 3566 οὔθ’
637 3503 749 3566 ἑαυτοῦ
777 3490 952 3590 ἀξιώματος
968 3504 1081 3592 ,ἠγεῖτο
1107 3497 1193 3568 εἶναι·

121 3606 203 3676 ἀλλὰ
214 3606 322 3700 καίπερ
336 3599 390 3674 θεά
402 3633 436 3674 τε
449 3608 487 3674 τὸ
502 3601 585 3698 εὖρος
597 3605 650 3673 οιαὶ
663 3606 710 3673 τὸ.
722 3595 835 3698 ροῶθες
847 3613 910 3671 τοῦ.
918 3615 1065 3698 ποταμοῦ
1073 3613 1196 3686 ,πολλῆς

121 3725 179 3782 τοῦ
194 3724 343 3809 γεφυροῦν
358 3715 451 3781 αὐτὸν
467 3705 643 3806 δυσχερείας
657 3713 855 3802 φαινομένης,
864 3714 946 3803 ὅμως
961 3711 1080 3788 ἢτοῦθ
1094 3717 1199 3802 ἑαυτῷ

122 3823 347 3915 ἐπιχειρητέον,
365 3822 384 3893 ἤ
401 3815 501 3898 άλλως
516 3823 550 3886 οὐ
569 3811 735 3885 θιαόατίον
748 3813 823 3883 εἶναι
838 3809 952 3908 έθόιιει,
964 3822 1029 3895 Τὴν
1049 3811 1084 3886 θὲ
1102 3823 1197 3915 γέφυ·

124 3955 176 4023 ραν
190 3936 238 4015 τῷ
256 3929 363 4022 τρόπῳ
379 3930 482 4014 τούτῳ
498 3923 758 3994 κατεσκευάσατο·
773 3931 896 4016 πρῶτον
918 3927 972 4017 μὲν
992 3917 1049 3992 θόο
1065 3930 1198 4019 ςαυροθς

122 4037 159 4103 τὸ
178 4042 280 4126 πάχος
302 4025 567 4129 τριημιποθιαίους
592 4032 698 4125 μικρὸν
718 4025 1111 4125 κάτωθενοίπιοξυμμίνους
1123 4084 1133 4117 ,
1146 4036 1198 4102 καὶ

123 4143 198 4234 πρὸς
212 4143 251 4208 τὸ
267 4152 324 4209 τοῦ
337 4151 482 4233 ποταμοῦ
497 4134 589 4234 ίάθος
608 4140 868 4233 μεμετρημένους,
883 4129 939 4207 θόο
956 4131 1059 4217 πόθας
1069 4135 1194 4233 ’μεταξὺ
