3000 5025
306 511 610 582 INTERPRES
636 511 871 581 GRAECU-S.
901 514 997 582 LIB.
1026 515 1116 583 vll.
1176 511 1249 586 533

172 649 261 714 παῖσα
287 644 310 719 ή
337 644 416 736 ἀρχή
438 635 613 738 παρεδόθηῖ
634 646 757 723 τούτοις
786 638 953 740 τεάνδρες
975 639 1109 714 ἐκλεκτοὶ
1134 649 1168 714 ἐκ
1189 658 1251 715 τῶν

173 753 293 820 πόλεων
308 743 477 835 ἐδόθησαν,
492 752 543 819 ίνοι
555 747 723 844 σύμύουλοι
736 751 857 830 ἐκείνοις
878 762 935 821 τοῦ
954 756 1088 845 πολέμου
1103 754 1250 848 γένοιντο.

176 859 298 935 Πάντες
312 858 367 952 μὲν
389 855 439 924 ούν
460 848 602 951 φαιδροὶ,
617 855 670 926 καὶ
691 858 871 952 θαρροῦντες
892 859 942 927 ἐπὶ
961 859 1016 930 τήν
1032 848 1163 938 Ᾰλεξίαν
1178 863 1251 928 ἐπο·

176 967 309 1057 ρεύοντο·
325 962 444 1032 ἐκείνων
458 967 488 1029 τ’
501 956 601 1044 οὐδεὶς
612 962 665 1048 ἧν,
678 969 744 1043 ύςις
757 968 814 1040 τὴν
824 962 893 1056 όψιν
906 967 996 1058 μόνον
1009 968 1162 1032 τοσούτου
1176 971 1253 1042 πλή-

175 1071 244 1149 θους
272 1075 344 1148 τοὺς
361 1055 521 1162 Ῥωμαίους
539 1065 695 1149 ἀνέξεσθαι
716 1065 850 1164 ἐνόμιζε,
865 1072 915 1139 καὶ
942 1081 1045 1139 ταῦτα
1069 1067 1169 1150 ἄλλως
1196 1083 1253 1150 τῆς

175 1178 277 1270 μάχης
287 1171 518 1272 όμφισύιτήτου
529 1180 688 1272 ἐσομένης,
697 1188 759 1244 τῶν
770 1182 804 1245 ἐκ
817 1175 872 1272 μὶν
886 1189 942 1257 τῆς
954 1180 1072 1256 πόλεως
1084 1169 1181 1264 ἐξόδῳ
1194 1207 1253 1271 μα-

176 1285 326 1376 χομένων,
338 1274 397 1361 ἔξω
406 1274 442 1364 δέ
449 1288 599 1352 τοσούτου
609 1285 742 1363 πλήθους
754 1285 868 1376 ἱππέων
878 1285 973 1352 τεκαὶ
982 1279 1108 1364 πεζῶνό
1127 1286 1253 1386 ωμένου.

231 1391 403 1461 LXXVII.
418 1383 505 1474 023’·
519 1396 549 1458 ἐν
568 1393 672 1479 τούτῳ
694 1393 724 1458 ἐν
746 1400 787 1485 τῇ
803 1381 918 1482 Ᾰλεξίᾳ
943 1392 1002 1458 ὑπὸ
1018 1399 1082 1458 Ιτῶν
1104 1310 1254 1483 θωμαίων
1295 1379 1299 1385 ’

176 1498 446 1589 πολιορκούμενοι,
472 1488 534 1572 ήδη
566 1490 728 1576 διαύάσης
747 1507 804 1576 τῆς
832 1501 960 1591 ἡμέρας,
980 1500 1009 1564 ἐν
1034 1495 1056 1591 ή
1086 1499 1143 1567 τὴν
1172 1506 1255 1589 σφῶν

178 1601 319 1686 βοήθειαν
339 1602 500 1694 ἀνέμενον,
511 1607 588 1699 πρὸς
599 1606 725 1682 ’τούτοις
741 1596 842 1672 δὲκαὶ
859 1603 964 1672 πάντα
978 1604 1032 1671 τὸν
1049 1604 1156 1670 ἐνόντα
1171 1610 1255 1669 σῖτον

176 1702 443 1790 ἐξαναλώσαντες,
464 1714 520 1777 οὐκ
538 1702 654 1788 εἰδότες
672 1737 708 1777 τε
735 1709 778 1777 τὰ
797 1712 826 1776 ἐν
850 1719 891 1804 τῇ
912 1718 974 1778 τῶν
1003 1696 1145 1778 Εδουέων
1169 1712 1256 1803 χοίρορ

176 1815 399 1908 πραττόμενα,
421 1816 589 1891 ἐκκλησίαν
610 1816 875 1910 συναθροίσαντες,
899 1816 967 1911 περὶ
992 1827 1049 1894 τῆς
1076 1809 1257 1894 άπούάσεως

177 1933 236 1999 τῆς
262 1927 348 2013 σφῶν
374 1923 471 2014 τύχης
498 1925 710 2008 ἐβουλεύοντο.
728 1925 838 2001 Τέλος
854 1915 889 1988 δὲ
903 1921 1062 1990 ’ποικίλων
1094 1913 1256 2014 λεχθεισῶν

177 2035 324 2122 γνωμῶν,
341 2023 429 2118 (τοῖς
446 2030 500 2121 μὲν
523 2027 581 2124 γὰρ
605 2031 858 2123 προσχωρητέον,
876 2037 941 2108 τοῖς
963 2020 998 2095 δέ
1022 2031 1052 2094 ἐν
1066 2025 1098 2115 ᾧ
1116 2030 1162 2094 ἔτι
1180 2020 1258 2102 ἠδύ-

177 2159 271 2202 ναντο
292 2128 404 2212 ἐξιτίυν
422 2130 498 2203 εἶναι
510 2127 632 2220 ἐδόκει)
652 2140 710 2228 οὐχ
732 2137 915 2210 ὑποληπτέα
934 2129 1044 2209 εἷναιή
1066 2144 1124 2202 τοῦ
1142 2136 1258 2228 Κριτο-

176 2241 293 2336 γνάτου
308 2232 484 2335 δημηγορία
500 2249 572 2333 ήμῖν
595 2233 699 2327 δοκεῖ,
713 2234 768 2309 διὰ
784 2246 841 2318 τήν
865 2240 977 2310 ἐκείνου
996 2241 1130 2337 μεγάλην
1149 2265 1184 2308 τε
1207 2241 1259 2309 καὶ

178 2349 393 2420 ἀνοσιωτάτην
409 2349 570 2440 ὡμότητα·
590 2347 679 2428 οὗτος
702 2351 755 2444 μὲν
775 2347 837 2443 γὰρ
852 2362 898 2438 τῷ
914 2351 992 2444 γένει
1017 2349 1057 2416 ὢν
1072 2349 1214 2441 λαμπρὸς
1228 2351 1258 2415 ἐν

177 2462 242 2534 τοῖς
262 2442 442 2548 Ᾰρύέρνοις,
455 2448 563 2523 τοιάδε
586 2449 696 2535 ἕλιξεν.
714 2445 793 2524 Ᾰλλ’
811 2452 836 2523 ὦ
854 2447 976 2551 ἄνδρες,
995 2457 1070 2547 ἐφη,
1089 2446 1177 2523 οὐδὲν
1191 2455 1260 2551 περὶ
1365 2532 1368 2538 .

179 2574 236 2639 τῆς
257 2560 375 2629 ἐκείνων
390 2565 517 2655 χιώμης
534 2557 631 2645 λέξω,
646 2560 675 2630 οἳ
694 2562 903 2655 αἰσχροτάτην
924 2556 1063 2629 δουλείαν
1082 2570 1122 2654 τῇ
1142 2588 1260 2655 προση-

178 2666 268 2763 γορίᾳ
279 2670 520 2761 προσχωρήσεως
534 2675 672 2737 καλοῦσι·
686 2672 816 2749 τούτους
828 2670 880 2762 μὲν
893 2667 950 2763 γὰρ
966 2668 1037 2735 ούτέ
1053 2661 1115 2735 δεῖν
1130 2667 1260 2748 πολίτας

180 2767 368 2867 νομίζεσθαι,
384 2776 456 2841 ούτε
474 2775 515 2853 εἰς
534 2775 696 2849 ἐκκλησίαν
715 2766 778 2841 δεῖν
798 2776 1083 2868 ἀὐτούς’συχκαλεῖν
1099 2800 1150 2868 μοι
1165 2765 1259 2841 δοκεῖ·

182 2884 243 2976 ἐγὼ
265 2873 302 2949 δέ
323 2883 391 2973 περὶ
411 2884 530 2950 τούτων
553 2882 651 2949 ἐθέλω·
666 2873 880 2975 διαλέγεσθαι,
895 2878 923 2948 οἳ
943 2874 1051 2959 ἐξιέναι
1069 2883 1262 2965 κελεύουσιν,

182 2990 213 3054 ἐν
234 2985 278 3065 οἷς
305 2989 352 3055 ἔτι
378 2978 467 3055 δοκεῖ
481 2982 556 3056 εἶναι
581 2996 599 3063 ἠ
629 2991 733 3081 μνήμη
755 2999 809 3067 τής
831 2992 916 3079 ήμῶν
936 2992 1072 3066 παλαιοῖς
1098 2987 1262 3084 άλκῆς.,Τὸ

184 3093 319 3190 μὲνγὰρ
344 3092 383 3160 ού
399 3085 546 3161 δύνασθαι
570 3093 802 3189 ὀλίγον’χρύνον
829 3085 946 3160 ἔνδειαν
972 3095 1148 3186 ὑποφέρειν,
1167 3103 1262 3163 τοῦτο

185 3202 282 3294 θυμοῦ
301 3203 350 3278 ἐςν
370 3204 568 3293 μαλακότης,
588 3203 656 3269 ἀλλ’
675 3204 730 3269 οὐκ
744 3202 833 3277 άλκή·
853 3194 905 3267 καὶ
924 3199 1077 3283 πλείονες,
1092 3200 1119 3267 οἱ
1138 3202 1264 3280 ἑαυτοὺς

172 3308 375 3395 ’τῷ-θανάτῳ
395 3311 615 3402 ἐγχειροῦντες,
632 3307 840 3403 εὑρίσκονται,
855 3305 873 3381 ἢ
891 3307 919 3373 οἱ
933 3306 1062 3399 μετρίως
1078 3308 1179 3378 λύπην
1192 3312 1266 3375 ὑπο·
1304 3394 1309 3402 r

187 3418 339 3506 φέροντες.
354 3396 450 3507 ὅμως
472 3408 509 3482 δέ
526 3415 579 3482 καθ
596 3418 657 3510 ἐγὼ
672 3417 790 3489 ταύτην
809 3416 865 3487 τήν
889 3416 1012 3507 χνεύμην
1036 3404 1267 3505 ἀποδεχοίμην,

190 3515 360 3605 (τοσοῦτον
374 3519 432 3615 γὰρ
452 3524 525 3613 παρ’
541 3522 608 3614 ἐμοὶ
627 3523 723 3614 ἰσχύει
743 3524 780 3589 τὸ
799 3511 943 3613 ἀξίωμα)
960 3519 985 3585 εἰ
1003 3511 1147 3613 οὐδεμίαν
1169 3514 1264 3593 άλλην

190 3637 248 3693 τοῦ
286 3634 373 3719 ἡμῶν
406 3627 540 3695 θανάτου
568 3630 601 3695 ἐκ
634 3632 753 3696 τούτων
782 3622 1014 3721 συμύησομένην
1050 3630 1157 3719 ὁρῴην·
1198 3627 1266 3693 ἀλλ’

190 3736 221 3800 ἐν
243 3741 290 3818 τῷ
314 3728 508 3802 ύουλεύεσθαι
530 3734 631 3813 πάσης
650 3746 705 3813 τῆς
724 3735 880 3811 Γαλατίας
899 3724 1052 3824 φείδεσθε,
1066 3733 1102 3807 ἢν
1125 3731 1165 3809 εἰς
1184 3739 1266 3825 ὑμῶν

192 3840 334 3924 βοήθειαν
349 3839 581 3936 προύτρέψατε.
597 3840 676 3908 Τίνα
696 3838 754 3934 γὰρ
771 3841 866 3934 θυμὸν
885 3833 958 3919 ἕξειν
975 3839 1047 3917 τοὺς
1061 3846 1147 3931 ἡμῶν
1163 3864 1270 3933 συγχε-

189 3952 249 4023 νεῖς
266 3972 302 4012 τε
321 3947 373 4014 καὶ
397 3952 608 4043 προσήκοντας
628 3940 764 4029 δοκεῖτε,
785 3945 1027 4041 ὀκτακισμυρίων
1045 3936 1163 4037 ἀνδρῶν
1192 3951 1269 4038 ὁμοῦ

193 4043 435 4146 διαφθαρέντων,
451 4056 476 4122 εἰ
493 4047 604 4147 σχεδὸν
625 4058 655 4122 ἐν
674 4058 778 4131 αὐτοῖς
794 4060 857 4131 τοῖς
876 4064 937 4131 τῶν
955 4052 1181 4146 πεφονευμένων
1207 4054 1269 4119 σώ-

190 4184 268 4251 μασι
293 4160 396 4252 μάχην
425 4171 490 4245 τοῖς
512 4147 664 4255 θωμαίοις
692 4161 854 4229 συνάπτειν
883 4152 1123 4256 άναγκοίζονταις
1145 4154 1187 4250 μὴ
1218 4153 1268 4225 οὖν

1011 4276 1084 4377 34³
