3000 5025
292 469 368 556 560
587 475 626 542 C.
653 474 800 541 JULII
828 470 1067 542 CAESARIS

291 607 535 698 παραγενόμενος
549 598 760 700 ςρατύπεδον,
774 607 813 674 τὸ
827 607 881 698 μὲν
895 612 1022 682 πλεῒςον
1034 613 1091 683 τῆς
1104 605 1220 697 ἡμέρας
1233 601 1359 670 ἐνταῦθα

294 701 458 802 διέτριψεν·
478 712 506 778 οἱ
525 703 555 778 δ’
574 712 686 780 ἐκείνου
706 714 806 791 ἱππεῖς
828 714 981 798 ἐντούτῳ
1002 705 1078 785 ύελη
1093 710 1244 778 πάντοθεν
1263 708 1303 786 εἰς
1324 709 1359 774 τὸ

293 817 466 910 χαράκωμα
483 819 641 910 ἀφιέντες,
661 823 732 897 τοὺς
755 806 915 909 Ῥωμαίους
941 814 1045 886 πολλὰ
1064 809 1302 910 λοιδοροῦντες,
1322 813 1359 890 εἰς

292 925 351 996 τὴν
364 924 466 1016 μάχην
484 932 699 1017 προκαλοῢαιν.
714 911 835 1000 Επειδὴ
861 916 892 990 δ’
905 915 993 991 οὐδὲν
1018 927 1125 997 ἐκεῖνοι
1138 923 1360 1018 ἀπεκρίναντο,
1465 1012 1466 1015 ¹

293 1029 322 1095 οἱ
344 1033 482 1123 Τρευῖροι
501 1022 594 1110 δόξαν
618 1034 721 1110 αὐτοῖς
748 1034 808 1100 ὑπὸ
828 1033 886 1106 τὴν
904 1033 1002 1097 νύκτα
1024 1026 1159 1099 άτακτοί
1175 1057 1210 1097 τι
1230 1030 1282 1096 καὶ
1301 1018 1361 1092 διε-
1465 1024 1467 1045 ¹

294 1139 474 1308 σπαρμένοιθ
477 1137 605 1268 ρὶποχωρ
607 1147 700 1205 οῦσιν.
717 1123 797 1204 (λδὲ
812 1129 853 1211 δὴ
871 1131 1072 1214 Αἀύιηνὸς
1039 1162 1078 1202 το
1095 1137 1220 1204 ἱππικὸν
1235 1139 1297 1204 πάν
1315 1134 1361 1200 ἐπ’

296 1244 406 1320 αὐτοὺς
425 1242 509 1320 εὐθὺς
528 1244 562 1310 ἐκ
583 1234 639 1312 δύο
657 1248 791 1312 πυλῶνέ
793 1239 1005 1336 ξέπεμψεν,
975 1269 1008 1310 ευ
1026 1241 1261 1327 ἐπιτείλας,
1212 1269 1264 1310 και
1278 1241 1360 1306 άπα-

294 1351 455 1441 γορεύσας,
464 1341 588 1416 ἐπειδὰν
603 1352 673 1429 τοὺς
688 1351 851 1443 πολεμίους
861 1330 1168 1442 ἐκρούύσωοι,καὶ’
1143 1346 1355 1480 ειςρυ-ρλνρ
1302 1371 1353 1411 τε
1340 1371 1363 1411 ε·

295 1450 665 1548 ψονται(ογινησεοθαι,
650 1483 689 1534 ως
699 1483 751 1526 και
739 1453 1138 1550 ουνεύη,εωρα)παντας
1116 1482 1182 1549 αμα
1190 1481 1266 1549 προς
1274 1453 1361 1545 μονον

296 1562 349 1634 τὸν
373 1546 609 1694 Ῐνδοοκιύμριρον
631 1564 812 1657 τρέπεσθαι,
826 1563 879 1632 καὶ
900 1554 1020 1656 μηδένα
1037 1562 1166 1656 πρόσθεν
1186 1557 1360 1641 ύαλλειν,η

297 1693 350 1733 τιτ
352 1669 473 1758 ρύσκειν
480 1669 597 1761 ,πρὶνῆ
612 1671 831 1762 πεφονευμενον
841 1696 895 1738 τον
906 1657 1091 1762 Ῐνδουιιιύμα
1109 1693 1141 1736 ον
1153 1661 1259 1736 ἴδοιεν.
1269 1656 1364 1758 Ᾱοχο·

296 1771 517 1867 λουμενων
459 1800 582 1868 γα
528 1801 582 1866 περ
586 1805 596 1843 ι
610 1777 681 1858 τους
694 1773 806 1856 ἄλλους
819 1803 881 1844 των
889 1801 1022 1858 ιππεων
1028 1802 1082 1844 τον
1053 1697 1347 1867 δνδουκιομαρον
1335 1797 1362 1839 εν

298 1905 401 1966 τουτω
411 1883 592 1974 απορευγειν
600 1909 654 1948 ουκ
662 1877 825 1956 ηύουλετο
833 1879 1046 1973 Πολλαμὲν
1014 1892 1064 1948 ουν
1073 1908 1137 1961 τοις
1145 1881 1361 1969 εκεινονφονεο

300 2011 385 2062 πονοι
399 1986 544 2079 προέθετο
557 1979 717 2080 δῶρα,ιιαὶ
731 1989 856 2081 σπείρας
870 1988 910 2067 εἰς
922 1983 1063 2062 ύούθειαν
1076 1996 1139 2055 τῶν
1153 1989 1269 2056 ἱππέων
1281 1987 1364 2077 ἐπέμ-

301 2089 395 2180 ψατο·
406 2094 462 2168 τὴν
476 2087 587 2168 ύουλὴν
608 2084 643 2160 δὲ
657 2104 713 2162 τοῦ
727 2087 838 2187 ἀνδρὸς
852 2097 1031 2186 ουνεπᾴνεσε
1045 2094 1126 2169 καὶὴ
1141 2097 1233 2187 τύχη·
1243 2091 1361 2161 πάντων

299 2196 424 2290 μὶνρ
366 2225 424 2293 γαρ
437 2201 489 2266 ἕνα
506 2194 680 2278 ζητούντων
697 2202 751 2268 τὸν
766 2187 1043 2294 Ῐνδοοκιύμαρον,’
1030 2228 1059 2269 εν
1074 2209 1143 2280 ταῖς
1155 2211 1212 2270 τοῦ
1225 2206 1363 2290 ποταμοῦ

300 2304 435 2396 ὅχθαις’
423 2312 532 2383 εκεῒνος
552 2306 813 2480 καταληρθεὶς,’
795 2334 885 2403 ανηρε
871 2308 940 2386 ε’θη,
954 2333 1007 2374 και
1025 2314 1044 2383 η
1070 2311 1166 2376 αὐτοῦ
1186 2307 1302 2397 κεφαλη
1326 2302 1362 2381 εἰς

298 2411 376 2488 τὸς
379 2402 577 2502 ρατύπεδον’
564 2413 708 2505 εκομίσθη
713 2416 909 2493 ’ἐπανιόντες
924 2405 996 2480 δ’
969 2439 999 2480 οι
1012 2415 1130 2498 ιππεῒς,
1149 2411 1200 2493 οθς
1217 2404 1362 2489 ηδύναντο

299 2526 361 2583 τῶν
379 2437 535 2611 ρπολεμίων
554 2515 742 2603 κατέλαύον,
762 2522 814 2589 καὶ
839 2522 1031 2591 ἀπέκτειναν·
1055 2523 1173 2599 ταύτης
1202 2510 1238 2587 δὲ
1266 2507 1363 2586 διαδο-
1458 2610 1462 2617 Ι

299 2622 398 2701 θείσης
411 2634 468 2703 τῆς
482 2629 600 2719 φύμης,
614 2632 700 2695 πάσα
714 2633 732 2702 ἡ
748 2636 809 2694 τῶν
824 2614 1003 2720 Εύουράνων
1023 2654 1058 2695 τε
1073 2628 1125 2695 καὶ
1141 2635 1205 2693 τῶν
1216 2622 1360 2719 Νερουΐων

299 2731 513 2805 σονεληλοθυῒα
539 2731 653 2826 ςρατιδι
679 2724 812 2807 διελύθη·
846 2734 927 2825 μετά
949 2761 984 2803 τε
1012 2745 1107 2803 τοῦτο
1131 2726 1362 2826 εἰρηνοτέραν,ἢ
1410 2777 1413 2787 -

300 2836 447 2927 πρύοθεν,
461 2842 519 2913 τήν
538 2838 695 2907 Γαλατίαν
710 2842 796 2931 ἔσχεν
811 2845 828 2907 5
842 2843 975 2935 Καῖσαρ.
