3000 5025
254 487 564 570 INTERPRES
591 487 833 556 GRAECUS.
859 487 954 556 LIB.
982 489 1049 557 vl.
1109 485 1186 572 483

128 627 220 688 πλεῖον
236 621 399 715 ἀγνοεῖσθαι,
411 620 463 688 καὶ
484 621 521 688 τὸ
536 625 665 715 πρᾶγμα
679 621 709 686 έν
723 618 848 712 ἐσχάτῳ
861 619 1044 698 καθίςασθαι
1058 612 1188 709 κινδύνῳ
1210 623 1213 629 ’
1239 645 1242 651 ·

129 733 211 821 ὁρῶν,
225 727 355 794 ἐνταῦθα
368 718 426 811 δὴ,
442 721 550 818 καίπερ
569 718 630 800 ἤδη
648 727 739 794 πέντε
762 728 876 820 ἡμέρας
895 723 1001 805 άσιτος
1015 718 1188 821 διαμείνας,

128 837 201 924 ὅμως
221 835 302 901 ὅπλα
323 831 407 927 παρὰ
428 842 489 901 τῶν
509 833 598 928 ἐγγὺς
623 827 744 916 λαθὼν,
764 831 815 900 έπὶ
833 836 889 908 τὴν
912 836 1012 906 ταίλην
1039 839 1188 926 ὥρμησεν·

130 941 214 1006 αὐτὸν
228 932 258 1005 δ’
273 941 300 1007 οἱ
320 941 373 1032 μὲν
392 951 448 1018 τῆς
461 943 490 1006 ἐν
506 937 600 1033 ἐκείνῃ
620 940 779 1033 τῇιήμέρφι
796 941 1050 1032 πφοφυλακούσης
1065 940 1190 1033 σπείρας

128 1040 278 1138 ταξίαρχοι
292 1046 469 1137 ἐφείποντο,
482 1045 534 1113 καὶ
553 1048 609 1120 τὴν
631 1056 693 1112 τῶν
712 1044 866 1137 πολεμίων
885 1049 980 1139 όρμὴν
1000 1045 1101 1140 ὀλίγον
1122 1051 1190 1138 μετ’
1278 1044 1283 1058 “

129 1147 215 1219 αὐτοῦ
239 1155 379 1246 ἐπέσχον·
400 1154 489 1230 τέλος
518 1143 548 1218 δ’
569 1157 594 1220 ὁ·
612 1145 733 1230 Σέξτιος
752 1149 856 1220 πολλὰ
875 1147 981 1219 λαθὼν
1002 1153 1191 1245 τραύματα,

129 1254 343 1351 ελιποφύχησε,
357 1259 409 1326 καὶ
421 1260 481 1327 ὑπὸ
500 1263 596 1326 αὐτοῦ
615 1256 742 1349 ἑταίρων
763 1259 850 1351 μόλις
869 1261 904 1326 ἐκ
922 1268 984 1325 τῶν
1002 1267 1109 1350 χειρῶν
1128 1268 1191 1326 τῶν

127 1366 270 1458 πολεμίων
290 1363 475 1438 ἀνεσπάσθη·
497 1367 616 1432 τούτων
635 1365 689 1458 μὲν
710 1365 953 1457 μαχομένων,οί
975 1367 1005 1431 ἐν
1024 1374 1071 1452 τῷ
1089 1391 1192 1457 χαραν

129 1474 242 1562 κύματι
257 1471 361 1539 λοιποὶ
378 1473 504 1550 ἑαυτοὺς
525 1471 627 1566 ὀλίγον
652 1465 800 1538 ἀνελαύον
812 1520 822 1552 ,
836 1471 888 1538 καὶ
907 1481 1039 1538 τοσοῦτο
1064 1472 1194 1564 ἀνεθάρ-

127 1583 230 1668 ρησαν,
244 1583 305 1655 ὥςε
327 1579 398 1656 τοὺς
417 1577 581 1668 πολεμίους
596 1583 713 1669 τολμᾷν
733 1569 891 1668 δέχεσθαι,
904 1576 956 1644 καὶ
974 1578 1035 1644 ἀπὸ
1054 1589 1111 1645 τοῦ
1126 1581 1193 1673 ἔρύ·

128 1707 218 1774 ματος
238 1683 464 1777 ἀπομάχεσθαι.

175 1795 331 1858 ΧΧΧΙΧ.
346 1778 389 1856 Εν
408 1792 512 1878 τούτῳ
532 1782 562 1856 δ’
580 1789 608 1857 οἱ
622 1787 673 1856 ἐπὶ
694 1787 735 1858 τὰ
751 1779 913 1863 ἐπιτήδεια
930 1783 1080 1873 ἐξιόντες,
1094 1794 1194 1860 ὲπισιὲ

127 1897 292 1990 τισάμενοι,
309 1908 364 1975 τῆς
383 1899 412 1962 ἐν
436 1907 481 1983 τῷ
504 1886 690 1992 Ιςρατοπέδῳ
705 1905 838 1994 κραυγῆς
857 1889 1039 1980 ἐξύκουσαν,
1051 1897 1105 1964 καὶ
1123 1903 1194 1975 τοὺς

40 2021 45 2034 ·
126 2011 202 2094 σφῶν
219 2006 329 2081 ἱππίας
348 2001 605 2096 προπέμψαντες,
631 2003 683 2070 ὑπ’
706 2006 807 2069 αὐτῶν
834 2004 864 2068 ἐν
887 1993 1061 2087 οἱφδιίπυτε
1078 2003 1123 2077 εἴη
1155 2007 1193 2072 τὸ

125 2113 247 2204 πρᾶγμα
276 2102 409 2197 κινδύνῳ
438 2113 581 2203 ἔγνωσαν·
612 2110 686 2176 τότε
709 2100 739 2174 δ’
763 2099 870 2190 οὐδὲν,
888 2107 964 2186 εἰςθ
990 2105 1026 2176 ἀν
1046 2110 1194 2204 φυγόντες

127 2211 258 2301 σωθεῒεν,
277 2219 376 2311 έρυμα
399 2217 535 2307 ἔχοντες,
553 2211 625 2308 άρτι
648 2241 683 2282 τε
703 2215 948 2309 κατειλεγμένοι,
968 2215 1094 2294 καὶτῆς
1115 2243 1193 2310 ςφα·

127 2322 229 2416 τηγίας
251 2325 338 2390 ούπω
361 2322 508 2417 ἐμπείρως
531 2324 669 2416 Ιἔχοντες,
692 2321 768 2414 πρός
791 2347 826 2387 τε
847 2323 924 2398 ’τοὺς
948 2322 1125 2415 χιλιάρχους
1142 2323 1194 2390 καὶ

125 2431 191 2508 τοὺς
210 2424 395 2525 ταξιάρχους
410 2427 522 2506 πάντες
539 2429 681 2520 ἀφεώρων
701 2427 733 2494 τί
750 2430 803 2494 ὑπ’
816 2427 935 2494 ἐκείνων
954 2429 1194 2525 παραγγελθείη,

124 2529 361 2625 προσδοκῶντες·
376 2539 407 2619 ό,
424 2560 458 2602 τε
473 2539 574 2601 αὐτῶν
593 2536 775 2627 θρασύτερος
791 2534 904 2625 ἰσχυρῷ
922 2534 1078 2627 συνείχετο
1094 2531 1192 2629 φόύῳ.

126 2643 163 2708 Οἱ
182 2635 215 2709 δὲ
235 2641 384 2737 Γερμανοὶ
403 2639 445 2707 τά
463 2647 575 2731 σημεῖα
592 2640 745 2731 πόρρωθεν
765 2632 904 2723 ἰδόντες,
918 2651 974 2719 τῆς
992 2643 1046 2733 μὲν
1065 2638 1195 2735 προσύο-

123 2754 174 2828 λῆς
195 2753 388 2832 ἐπαύσαντο,
409 2746 626 2826 ἐπανηλυθέναι
645 2745 687 2812 τὰ
708 2747 861 2839 τάγματα
887 2747 924 2813 τὸ
954 2756 1078 2841 πρῶτον
1107 2749 1191 2841 νομί-

124 2846 235 2940 ζοντες,
250 2852 270 2921 ἀ
285 2854 536 2948 πόρρωάντεῦθεν
556 2854 679 2944 ἀπέχειν
699 2849 785 2943 παρὰ
798 2851 1084 2951 τῶναίχμαλύτων
1099 2855 1198 2947 πρόσ·’

123 2960 166 3027 θεν
185 2958 367 3039 ἠκηκόεσαν,
390 2963 498 3028 ἔπειτα
520 2950 556 3025 δὲ
575 2970 630 3036 τῆς
648 2956 766 3025 ἐκείνων
786 2957 1067 3053 ύπιρφρονύσαντες
1089 2962 1193 3055 ὀλιγό-

126 3092 234 3154 τητος,
250 3067 401 3137 πάντοθεν
427 3070 530 3144 αὐτοῖς
553 3060 706 3132 ε’νέόαλονι
1136 3090 1139 3096 ·

174 3179 255 3244 XL..
265 3175 329 3241 Καὶ
348 3175 377 3251 οἱ
398 3174 451 3267 μὲν
476 3182 539 3239 τῶν
558 3158 707 3265 Ρωμαίων
730 3168 891 3238 ἀκόλουθοι
917 3172 1049 3239 ἐνταῦθα
1074 3173 1115 3252 εἰς
1138 3178 1194 3244 τὸν

122 3282 212 3375 λόφον
234 3283 417 3375 κατέφυγον·
438 3271 626 3347 ἐντεῦθενδ
653 3276 735 3355 εὐθὺς
761 3278 821 3345 ύπθ
842 3285 904 3345 τῶν
930 3279 1084 3370 πολεμίων
1108 3283 1195 3349 ε’κπε-

124 3390 244 3471 σόντες,
263 3388 303 3465 είς
325 3384 420 3464 αὐτὰς
446 3385 503 3464 τὰς
526 3393 587 3451 τῶν
610 3370 760 3475 Ῥωμαίων
783 3383 978 3451 εἰσπίπτουσι
996 3378 1119 3470 τάξεις,
1142 3389 1194 3455 καὶ

124 3491 350 3588 πεφούημένους
370 3484 431 3567 ἤδη
450 3492 523 3571 τοὺς
544 3495 720 3584 ςρατιώτας
747 3494 863 3584 μᾶλλον
885 3491 1104 3584 ταράττουσιν·
1125 3495 1203 3561 ἔνθα

126 3590 163 3675 δὴ
182 3599 353 3695 ἐν’μεγάλη
370 3596 446 3672 ἦσαν
466 3598 578 3691 ἀπορίᾳ
597 3598 625 3666 οἱ
639 3583 785 3691 Ρωμαῖοι.
805 3598 847 3664 Οἱ
865 3598 919 3691 μὲν
940 3595 999 3691 γὰρ
1019 3601 1132 3683 αὐτῶν,
1154 3602 1195 3681 εἰς

125 3712 270 3802 τριγώνου
289 3718 400 3800 σχῆμα·
414 3702 586 3796 ταχθέντας
601 3710 696 3800 σφοῖς,
710 3703 761 3771 ἐπὶ
780 3707 816 3773 τὸ
835 3695 1049 3797 ςρατόπεδον,
1065 3707 1194 3778 πλησίον

125 3811 176 3897 ὂν,
202 3806 256 3880 διὰ
279 3816 377 3905 μέσων
406 3804 570 3878 διελαύνων
594 3820 656 3877 τῶν
680 3809 834 3903 πολεμίων
852 3805 1140 3895 συνεύούλευον,ιῆν
1163 3840 1195 3880 τι

104 3998 106 4001 ¹
127 3920 212 4011 μέρος
231 3922 291 3987 ὑπὸ
314 3917 467 4017 πολεμίων
489 3917 605 4009 φθαρῇ,
623 3920 695 3995 τοὺς
715 3917 841 3994 λοιποὺς
864 3928 935 4011 γοῦν
954 3917 995 3995 εἰς
1017 3920 1054 3985 τὸ
1076 3923 1194 4010 ςρατό-

125 4018 217 4092 πεδον
240 4024 445 4110 σωθήσεσθαι,
464 4025 617 4118 λεγόντες·
637 4023 672 4089 οἱ
688 4015 741 4106 δὲ,
758 4023 853 4112 λόφον
882 4050 954 4091 τινα
979 4027 1195 4116 κατασχόντας

127 4138 219 4229 σφοῖς,
239 4132 372 4199 ἐντεῦθεν
399 4129 519 4209 πάντας
539 4128 755 4222 ἀπομάχεσθαι
775 4131 922 4198 ἐκέλευον·
944 4140 1039 4199 τοῦτο
1062 4123 1092 4197 δ’
1111 4133 1138 4199 οἱ
1156 4144 1197 4229 τῆ

969 4261 1040 4333 31²

1232 4119 1242 4139 0
1323 4100 1332 4129 λ
