3000 5025
268 459 576 532 INTERPRES
604 455 832 528 GRAECUS
859 455 960 527 LIB.
988 461 1055 528 vl.
1116 459 1191 548 465

11 601 12 610 ’
107 594 164 668 καὶ
185 591 245 669 τὰς
265 591 357 695 ὄχθας
376 592 545 681 ἀπότομος.
566 593 686 656 Τούτον
706 589 761 680 μὲν
781 575 848 656 οὔτ’
862 591 955 668 αὐτὸς
975 582 1142 661 διαύαίνειν
1161 599 1191 662 ἐν

105 709 152 786 νῷ
174 695 275 792 εἶχεν,
294 701 364 766 ούτε
393 723 428 793 γε
454 699 526 774 τοὺς
555 696 718 789 πολεμίους
746 701 851 790 ἡγεῖτο
879 689 1092 772 διαόόοισθαι.
1113 699 1193 768 Καθ’

106 806 234 884 έκάςην
255 796 286 871 δ’
306 795 509 896 αὐξανομένης
529 814 586 882 τῆς
605 811 667 870 τῶν
686 802 840 894 πολεμίων
860 805 1034 897 έπικουρίας
1048 799 1194 890 ελπίδος,

105 913 244 979 πάντων
271 909 443 980 ἀκουόντων
468 915 497 978 ἐν
518 911 663 1001 ἐκκλησίᾳ
682 901 860 987 ἐξεπίτηδες
885 906 965 978 εἶπεν
990 907 1191 991 ὁΛαύιηνός·

100 1024 152 1097 ’ὡς
174 1021 251 1086 ούτε
276 1017 319 1086 τὰ
337 1024 468 1100 ἑαυτοῦ,
495 1018 566 1084 ούτε
594 1014 636 1084 τὰ
656 1026 712 1093 τῆς
737 1019 869 1110 ςρατιᾶς
895 1022 1063 1111 χρήματα,
1086 1012 1192 1095 ἐπειδὴ

107 1125 276 1220 προσιέναι
294 1123 322 1192 οἱ
336 1123 486 1218 Γερμανοὶ
508 1123 671 1219 έλέγοντο,
686 1117 831 1190 ὅούλοιτο
846 1114 1096 1208 διακινδυνεύειν,
1116 1121 1196 1193 άλλά

108 1233 240 1324 τάχιςα
250 1243 289 1326 τῇ
302 1230 430 1325 ὑςεραίᾳ
440 1229 574 1298 ἐντεῦθεν
587 1223 979 1323 μεταςρατοπεδεύοεσθαι.
991 1229 1090 1299 Ούτοι
1104 1234 1158 1325 μὲν
1167 1234 1196 1300 οἱ

106 1341 203 1434 λόγοι
223 1343 290 1416 τοῖς
313 1338 469 1430 πολεμίοις
498 1336 582 1415 εὐθὺς
611 1328 848 1431 διηγγέλθησαν·
873 1338 1031 1404 τοσούτων
1058 1339 1111 1431 μὲν
1137 1340 1195 1433 γὰρ

108 1446 236 1514 ἱππέων
257 1445 383 1512 Γάλλων
407 1443 492 1538 παρὰ
519 1451 566 1532 τῷ
594 1438 740 1528 Λαύιηνῷ
766 1444 881 1524 ὄντων,
908 1440 952 1510 τὰ
979 1454 1041 1510 τῶν
1071 1447 1197 1513 Γαλλων

108 1553 295 1647 πράγματα
314 1561 430 1646 φρονιῖν
448 1549 565 1629 τινὰςη
582 1554 669 1643 φύσις
682 1543 845 1644 ἠνάγκαζε.
856 1551 980 1630 Νυκτὸς
995 1542 1030 1616 δὲ
1045 1556 1061 1616 ό
1075 1548 1196 1626 Ααύιη-

107 1661 162 1736 νὸς
185 1661 262 1736 τούς
281 1685 316 1726 τε
338 1658 531 1751 χιλιάρχους,
547 1657 599 1723 καὶ
617 1657 688 1734 τοὺς
711 1659 854 1748 πρώτους
875 1650 1059 1751 ταξιάρχους
1083 1683 1196 1754 συγκα-

105 1769 229 1848 λέσας,
247 1767 302 1839 τὴν
329 1770 440 1832 ἑαυτοῦ
468 1763 588 1840 ἐκείνοις
612 1765 746 1857 ἀπέφηνε
775 1766 910 1856 γνώμην·
936 1764 988 1829 καὶ
1011 1765 1060 1830 ἵνα
1079 1769 1197 1857 μᾶλλον

108 1867 327 1964 ἐκφούηθῆναι
345 1874 418 1949 τοὺς
436 1858 597 1964 Ρωμαίους
616 1870 644 1936 οἱ
662 1871 804 1962 πολέμιοι
822 1871 995 1949 πιςεύοιεν,
1010 1871 1064 1936 σὺν
1082 1873 1197 1941 πλείονι
1221 1892 1224 1897 ’
1332 1897 1340 1908 ·

108 1990 171 2058 τῆς
195 1987 259 2045 τῶν
277 1964 329 2044 ῥω
354 1977 427 2045 αίων
447 1976 603 2053 συνηθείας
621 1977 730 2061 κτύπῳ
749 1975 849 2042 τεκαὶ
866 1971 986 2068 θορύύφ
1005 1994 1197 2071 μετεςρατο-

109 2077 307 2154 πεδεύσατο.
316 2003 383 2162 έδςε
393 2087 515 2162 τούτοις
523 2094 619 2177 φυγῆς
631 2081 739 2175 ὁμοίαν
748 2085 805 2157 τὴν
815 2083 938 2176 πορείαν
946 2086 1126 2158 έποιησατο.
1134 2088 1197 2154 Καὶ

111 2203 225 2260 ταῦτα
235 2193 288 2284 μὲν
299 2201 364 2270 τοῖς
372 2191 609 2284 πολεμίοις,άτε
617 2189 669 2257 καὶ
680 2189 809 2264 πλησίον
820 2191 962 2263 άλλόλων
976 2196 1197 2283 τῶνςρατοπέ.

110 2293 180 2367 δων
191 2298 436 2392 όντων,πρόσθιν
451 2309 508 2375 τῆς
517 2321 631 2390 ημερας
640 2322 700 2364 υπο
709 2307 771 2363 τῶν
785 2298 992 2364 κατασκόπων
1003 2299 1195 2394 ἀπηγγέλθη.

129 2461 131 2468 .
168 2407 270 2474 vlu.
283 2407 381 2473 Ούπω
396 2397 416 2470 δ
419 2407 453 2478 ’ἡ
470 2411 530 2471 τῶν
548 2387 697 2494 Ρωμαίων
712 2397 945 2497 ὀπισθοφοθαγξ
959 2398 1017 2478 ἔξω
1031 2415 1088 2472 τοῦ
1101 2434 1198 2501 χαρα.

109 2518 266 2607 κύματος
284 2515 421 2608 ἐγένετο,
435 2514 526 2586 ἡνίκα
544 2508 573 2577 οἱ
593 2509 707 2577 Γάλλοι
720 2510 866 2585 άλλιέλοις
881 2518 1197 2606 παρακελευσάμενοι,

110 2626 155 2715 μὴ
182 2624 283 2697 οὕτως
302 2619 494 2687 ἐλπισθεῖσαν
514 2619 573 2683 ὑπὸ
592 2624 674 2707 σφῶν
691 2616 777 2683 λείαν
799 2618 833 2682 ἐκ
856 2627 918 2681 τῶν
936 2626 1045 2710 χειρῶν
1061 2619 1197 2710 ἀφίοιεν,

111 2728 321 2821 μακρότερον.
334 2720 409 2793 εἶναι
426 2726 589 2819 λέγοντες,
608 2718 711 2799 άλλως
734 2744 768 2787 τι
791 2721 842 2788 καὶ
860 2718 1114 2817 ἐκπεφούημένων
1132 2720 1194 2801 ἤδη

111 2844 182 2902 τῶν
202 2818 373 2926 Ρωμαίων,
392 2835 449 2906 τὴν
468 2838 530 2897 τῶν
554 2831 716 2921 Γερμανῶν
735 2829 893 2917 ἀναμένειν
909 2829 1104 2923 ἐπικουρίαν,
1120 2835 1197 2928 πρὸς

111 2944 244 3017 τούτοις
273 2930 331 3021 δὲ,
351 2947 433 3031 σφῶν
463 2938 617 3009 τοσαύτην
648 2942 736 3029 χεῖρα
762 2928 1049 3027 περιύεύλημένων,
1073 2933 1195 3017 ἀνάξιον

12 3038 13 3052 ’
111 3044 212 3128 εἶναι,
231 3050 330 3123 οὕτως
344 3046 431 3139 όλίγρ
445 3036 592 3134 δυνάμει,
608 3039 708 3119 ἄλλως
722 3066 757 3107 τε
772 3040 822 3108 καὶ
837 3044 1058 3137 φευγούσρ,»μη
1074 3051 1194 3136 τολμᾷν

112 3151 326 3235 ἐπιτίθεσθαι,
345 3158 409 3229 τοῖς
430 3136 583 3242 Ῥωμαίοις
608 3146 819 3241 ἐπεφάνησαν,
838 3148 891 3215 καὶ
912 3150 967 3215 τόν
988 3174 1024 3216 τε
1051 3155 1195 3245 ποταμὸν

114 3253 310 3343 διαύαίνειν,
325 3258 376 3325 καὶ
393 3260 422 3323 ἐν
443 3249 600 3348 δυσχωρίᾳ
618 3254 702 3347 σφίσι
717 3253 819 3348 μάχην
838 3255 1000 3321 συνάπτειν
1020 3256 1075 3324 ούκ
1092 3264 1194 3352 ὠρρώ·

114 3360 232 3441 δησαν.
248 3365 376 3443 Πάντας
394 3356 428 3430 δέ
447 3366 482 3431 ἐκ
497 3374 553 3430 τού
569 3360 619 3429 ἐπὶ
637 3362 751 3456 θάτερα
770 3372 827 3429 τοῦ
845 3371 991 3452 ποταμοῦ
1009 3365 1196 3433 ἐπισπάσεσέ

113 3474 169 3541 θαι
187 3479 325 3566 προορῶν
336 3476 352 3538 ὁ
362 3464 534 3551 Λαύιηνὸς,
549 3460 682 3535 δεδιέναι
697 3468 748 3536 καὶ
761 3468 836 3536 τότε
849 3476 1078 3561 προσεποιεῖτο,
1093 3464 1193 3546 όάδην

114 3578 333 3673 πορευόμενος.
349 3562 468 3650 Επειδὴ
489 3568 525 3655 δὲ
544 3574 658 3653 πάντες
672 3566 819 3649 διέύηοαν
834 3577 867 3642 ὀἱ
885 3577 1045 3664 πολέμιοι,
1060 3579 1134 3645 τότε
1154 3571 1195 3654 δη

115 3693 132 3754 ό
160 3679 320 3762 Λαύιηνὸς
344 3683 385 3751 τὰ
410 3683 579 3775 σκευοφόρα
598 3680 639 3759 εἰς
662 3680 732 3749 τινὰ
754 3685 889 3775 γηλοφον
914 3680 1195 3777 προπεμψάμενος,
1242 3673 1246 3679 ’

116 3773 223 3884 fixere
241 3802 310 3874 νύν,
324 3792 378 3881 ἔφη
391 3842 400 3874 ,
415 3784 440 3855 ὦ
458 3797 684 3883 συςρατιῶται,
697 3788 733 3861 ἢν
752 3789 882 3882 πρόσθεν
896 3795 1000 3883 ᾐτεῖτε
1014 3791 1193 3882 εὐκαίρειαν

116 3900 195 3976 τοὺς
213 3895 271 3992 γὰρ
294 3896 459 3989 πολεμίους
481 3899 511 3963 ἐν
537 3888 694 3988 δυσχωρίᾳ
712 3896 804 3972 όντας
830 3901 933 3990 ὁρᾶτε.
953 3899 1120 3985 Τοιούτους
1142 3896 1194 3966 οὖν

116 4012 193 4098 ἡμῖν
211 3992 449 4097 τοῒςύμετέροις
473 3998 600 4095 άρχουσι
622 4010 672 4067 νύν
692 4006 772 4093 ὑμᾶς
790 4003 961 4095 παρέχετε,
980 4001 1093 4097 οίοίπερ
1117 4013 1195 4073 πολ-

115 4112 208 4189 λάκις
227 4110 355 4209 πρόσθεν
376 4120 421 4196 τῷ
438 4115 524 4201 ἡμῶν
544 4108 749 4201 αὐτοκράτορι
768 4108 902 4200 ἐγένεσθε
920 4111 1066 4205 Καίσαρι·
1085 4113 1195 4185 ἐκεῖνόν

180 4246 252 4313 ΙΙΙ.
858 4332 861 4335 Α
990 4241 1040 4314 30
1081 4287 1086 4297 .
