3000 5025
286 518 334 589 ιθ
496 518 524 585 J.
554 516 709 587 CELSI
737 514 1153 586 COMMENTARH'

284 672 407 745 magna
421 664 531 745 strage
554 649 651 719 deleti
674 662 759 719 sunt
783 648 1027 743 Impedimenta
1055 674 1172 719 eorum
1194 651 1295 719 simul
1321 667 1358 723 et

192 840 196 851 Ι
284 772 391 825 castra
411 759 601 851 capiuntur,
622 780 699 851 pars
718 771 882 825 nocturna
899 754 978 850 luga
999 755 1118 850 elapsi,
1139 758 1306 851 irrequieti
1322 774 1357 829 et

283 864 450 931 insomnes
481 862 524 932 ad
546 877 681 933 eentum
703 863 839 957 triginta
867 860 969 931 millia
996 864 1211 956 superstitum
1233 880 1355 958 quarto

283 966 336 1037 die
358 971 392 1035 in
414 970 582 1065 Lingones
610 990 801 1064 pervenere.
828 971 1010 1055 Caesarem,
1032 994 1075 1037 ne
1096 994 1153 1038 eos
1177 972 1357 1065 evestigio

282 1089 493 1168 sequeretur,
513 1077 700 1145 sauciorum
723 1099 805 1145 cura
830 1089 865 1144 et
886 1069 1046 1145 caesorum
1080 1076 1249 1170 sepultura
1272 1077 1356 1145 deti·

282 1184 374 1248 nuit:
392 1184 550 1275 praemisit
567 1196 678 1251 tamen
700 1183 758 1275 qui
777 1181 984 1276 lingonibus
1003 1184 1211 1269 nuntiarent,
1232 1184 1260 1251 si
1275 1182 1355 1252 Hel·

194 1374 196 1379 Υ
281 1288 387 1356 vetius
400 1286 568 1357 frumento
577 1303 634 1356 aut
652 1312 716 1382 ope
732 1286 843 1381 aliqua
860 1288 1081 1381 adjuvissent,
1100 1312 1157 1357 eos
1171 1313 1305 1383 quoque
1319 1314 1356 1359 se

281 1418 344 1487 pro
362 1394 512 1463 hostibus
529 1394 730 1463 habiturum.
748 1397 826 1489 Ipse
843 1408 956 1463 tamen
978 1395 1190 1463 nibilominus
1207 1409 1284 1489 post
1295 1398 1353 1463 tri

281 1498 387 1568 duum
408 1502 599 1593 insequitur.
620 1500 881 1588 Helvetii,bello
893 1503 989 1589 victi,
1009 1526 1121 1570 rerum
1135 1504 1355 1596 iusuperom·

248 1637 251 1645 ·
283 1607 375 1674 nium
390 1606 568 1675 accedente
591 1610 747 1702 penuria,
769 1606 970 1677 deditionem
991 1634 1052 1704 per
1076 1607 1204 1701 legatos
1224 1608 1353 1677 obtule-

283 1727 371 1781 runt.
395 1715 441 1781 At
458 1738 515 1781 sex
534 1713 636 1782 millia
650 1738 697 1783 ex:
706 1716 744 1783 iis
759 1714 875 1809 fugam
890 1717 925 1783 in
939 1716 1121 1783 Germania
1138 1715 1352 1803 ineditantes,

282 1820 395 1887 Caesar
413 1844 453 1887 ex
472 1821 543 1914 ipso
557 1822 695 1889 retraxit
710 1823 842 1909 itinere,
852 1846 979 1915 proque
992 1822 1144 1904 hostibus
1152 1822 1274 1890 babuit
1283 1846 1358 1891 are·

282 1924 363 2019 liqui
373 1925 489 1994 [lentes
506 1950 546 1996 ac
558 1928 784 2022 supplicantes
799 1928 1059 1997 misericordiam
1076 1931 1247 1996 consectrti
1261 1944 1355 2017 sunt,

164 2080 170 2101 ι
281 2030 410 2100 traditis
426 2034 541 2120 armis,
559 2048 594 2101 et
614 2034 783 2104 obsidibus
801 2049 838 2103 et
856 2034 1006 2130 profugis
1017 2036 1192 2123 restitutis;
1206 2054 1355 2130 precep-

281 2151 422 2231 tumque
434 2141 480 2207 eis
498 2164 520 2221 a
537 2142 685 2227 Caesare,
707 2157 746 2210 ut
765 2145 917 2211 incensos
938 2143 1030 2210 vicos
1049 2156 1149 2234 atque
1166 2142 1289 2237 oppida
1307 2166 1357 2210 re·

282 2242 485 2334 formarent,
498 2272 541 2315 ne
550 2246 637 2315 forte
646 2250 808 2318 Germani
818 2249 939 2317 vicinia
951 2247 1101 2316 looorum
1108 2248 1196 2333 freti,
1208 2248 1357 2317 desertas

280 2365 387 2420 terras
407 2352 604 2423 invaderent
623 2378 662 2424 ac
682 2370 844 2424 tenerent.
860 2357 998 2423 Itaeum
1017 2354 1194 2442 Helvetiis,
1212 2369 1355 2423 tam-su·

281 2457 385 2551 perba
403 2474 517 2554 gente,
540 2475 675 2556 tamque
694 2462 871 2548 indomita,
887 2486 957 2531 uno
977 2460 1133 2556 quidem,
1156 2462 1214 2532 sed
1227 2464 1357 2557 ingenti·

279 2565 393 2658 praelio
415 2565 615 2638 debellatum
631 2584 688 2638 est.
701 2568 789 2637 Illud
802 2570 888 2636 inter
903 2568 1008 2638 multa
1018 2568 1248 2656 memorabile,
1262 2569 1355 2663 quod

279 2671 447 2742 incastris
467 2676 614 2744 inventae·
633 2689 711 2744 sunt
736 2675 874 2763 tabulae,
898 2676 1018 2770 quibus
1040 2676 1269 2744 Helvetiorum
1290 2700 1353 2749 nus

280 2797 393 2849 merus
411 2796 671 2900 caeterarumque
693 2784 859 2876 gentium,
876 2808 949 2877 qua
966 2781 1088 2851 auxilio
1109 2782 1354 2871 illisexierant,

279 2883 395 2955 litteris
411 2890 552 2958 Graec1s
543 2903 721 2982 inscriptus
736 2903 816 2956 erat.
829 2892 978 2958 Fuerunt
985 2904 1100 2959 autem
1110 2912 1219 2958 omnis
1225 2912 1361 2984 genens*

280 2991 453 3061 hominum
470 2997 580 3088 capita
597 3007 746 3064 trecenta
763 2997 933 3090 sexaginta
951 3012 1030 3066 octo
1046 2996 1157 3064 millia.
1172 2999 1252 3085 Quo
1266 3016 1355 3064 eom·

164 3173 166 3178 ,
279 3113 392 3191 perte,
411 3102 544 3188 Caesar,
566 3099 761 3170 Helvetiis
753 3127 787 3169 ιιι
809 3117 1007 3223 potestatem
1029 3103 1184 3190 redactis,
1211 3100 1353 3171 lustrum

279 3206 378 3274 condi
396 3205 519 3293 lecit,
511 3231 545 3274 m
567 3231 634 3300 quo
656 3209 767 3302 capita
785 3231 855 3276 non
870 3211 934 3277 nisi
956 3220 1100 3277 canuam
1110 3208 1228 3276 deoem
1250 3208 1361 3276 millia·

281 3326 358 3380 sunt
371 3314 519 3380 inventa:
530 3313 619 3382 unde
634 3313 729 3383 facile
742 3339 903 3383 numerus
918 3312 1094 3407 colligitur,
1107 3313 1160 3381 vel
1173 3339 1354 3402 eresorum,

279 3417 332 3485 vel
353 3419 388 3487 ιιι
415 3417 503 3487 bello
528 3419 822 3515 consumptorum,
844 3418 1008 3512 simulque
1029 3418 1112 3487 illud
1132 3435 1289 3514 apparet,
1309 3443 1359 3488 ex·

279 3526 317 3592 iis
339 3526 395 3617 qui
413 3540 516 3594 noctu
534 3551 552 3594 e
569 3526 682 3620 praelio
705 3527 836 3622 fugere,
858 3541 979 3621 praeter
1000 3524 1057 3593 illa
1075 3549 1132 3593 sex
1145 3525 1263 3613 millia,
1278 3524 1359 3618 quae

162 3629 166 3636 ’
279 3628 322 3700 ad
343 3633 508 3702 Caesarem
526 3657 565 3701 ex
584 3633 704 3702 itinere
723 3647 867 3702 retracta
886 3633 1165 3719 memoravimus,
1192 3645 1361 3724 quantun·

279 3737 386 3806 decim
409 3737 528 3827 millia,
550 3739 603 3808 vel
626 3738 841 3825 vulneribus,
867 3734 921 3804 vel
948 3735 1155 3825 lassitudine,
1180 3735 1233 3805 vel
1263 3736 1358 3827 aliis,

280 3869 363 3938 quos
384 3843 508 3914 bellum
532 3845 617 3932 lert,
640 3844 792 3913 casibus
788 3844 935 3938 periisse.
957 3845 1107 3913 Haecin
1103 3842 1227 3913 Galliis
1243 3846 1360 3956 prima·

279 3953 419 4020 Caesaris
439 3966 537 4021 nacta
558 3952 696 4019 victoria
718 3964 770 4018 est
776 3970 880 4044 ,quae
893 3972 962 4019 nou
974 3952 1124 4020 romanis
1140 3951 1236 4046 ipsis,
1252 3964 1357 4043 quam'

280 4057 384 4128 Gallis
406 4057 475 4127 fere
495 4057 649 4127 omnibus
674 4055 780 4132 laetior
799 4058 864 4127 luit
882 4081 924 4128 ac
941 4060 1082 4178 gratier,
1095 4058 1232 4152 quibus·
1229 4053 1358 4124 Helva

278 4168 400 4236 tiorum
419 4166 568 4260 potentia
584 4163 844 4260 dominapdiqu'e
858 4163 988 4241 libido
971 4165 1085 4236 ιιιιιειι
1095 4166 1220 4259 puriter
1229 4187 1269 4233 ac
1280 4175 1358 4231 sua»
