3000 5025
261 479 567 548 INTERPRES
595 479 829 548 GRAECUS.
858 481 955 548 LIB.
984 481 1077 550 VII.
1135 477 1209 550 503

135 611 247 690 αὐτοὺς
266 617 380 704 ὁρῶσαι
395 606 561 695 (πολλάκις
577 612 630 704 μὲν
648 609 706 708 γὰρ
727 615 757 679 ἐν
777 611 902 706 μεγάλῳ
919 605 1051 699 κινδύνῳ
1070 616 1108 682 τὸ
1127 614 1215 692 ἔλεος·

135 713 269 809 όφόύος
291 710 446 812 ἀπείργει)
467 713 542 807 ύοᾷν
568 745 621 804 τε,
648 716 699 787 καὶ
723 718 877 812 σημαίνειν
906 729 971 798 τοῖς
997 705 1150 814 Ρωμαίοις
1175 723 1211 788 τὸ

134 826 349 918 πραττόμενον
364 814 508 918 ἤρξαντο.
529 805 612 892 Ϊένθα
638 817 677 900 δὴ
699 820 883 916 φούηθέντες
898 827 926 894 οἱ
945 827 1079 910 Γάλλοι,
1095 830 1137 920 μὴ
1152 828 1213 897 ὑπὸ

135 942 191 999 τοῦ
207 940 269 998 τῶν
286 917 436 1028 Ῥωμαίων
456 931 583 1000 ἱππικοῦ
606 932 637 998 αἱ
655 923 723 1000 ὁδοὶ
742 934 1042 1025 προκαταληφθεῒεν,
1057 945 1113 1012 τῆς
1135 928 1211 1002 θου-

132 1045 189 1116 λῆς
207 1039 325 1116 ταύτης
344 1041 530 1106 ἐπαύσαντο.
1180 1087 1183 1092 -

187 1146 335 1214 XXVII.
358 1148 405 1240 Τῇ
424 1134 454 1209 δ’
473 1145 600 1238 ὑςεραίῳ
613 1146 667 1212 τὸν
688 1147 802 1240 πύργον
823 1149 1011 1240 προαγαγὼν
1033 1152 1049 1213 ό
1071 1148 1211 1239 Καῖσαρ,
1244 1212 1246 1215 ,
1310 1172 1312 1178 ’

134 1251 187 1318 καὶ
208 1251 331 1342 παίσας,
353 1247 388 1330 ἃς
411 1243 606 1336 διενενόητο,
632 1245 694 1326 ἤδη
718 1251 858 1344 μηχανὰς
880 1256 1081 1336 συντελέσας,
1097 1247 1213 1344 όμύρου

134 1353 268 1436 ἐξαισίου
290 1359 520 1454 ἐπιγενομένου,
542 1367 670 1442 τοῦτον,
689 1361 765 1451 πρὸς
786 1356 806 1424 ἀ
830 1353 975 1427 ἐόούλετο
996 1353 1212 1450 καταπράξαι,

134 1468 192 1532 οὐκ
206 1462 362 1556 ἀχρηστον
380 1470 456 1557 ὁρῶν
471 1465 525 1557 μὲν
543 1463 601 1559 γάρ
618 1467 690 1544 τοὺς
703 1465 866 1556 πολεμίους
881 1457 935 1532 διά
948 1467 1002 1533 τὸν
1016 1466 1119 1557 καιρὸν
1136 1466 1213 1558 ἀμε·

132 1573 257 1664 λίςερον
269 1622 279 1654 ,
292 1569 479 1663 ἢπρόσθεν,
498 1573 536 1640 τὸ
556 1583 613 1650 τῆς
633 1572 751 1650 πόλεως
766 1581 867 1664 τεῖχος
887 1565 1129 1664 διαφυλάττειν,
1148 1578 1212 1649 τοῖς

134 1683 248 1744 ἑαυτοῦ
266 1681 454 1770 ςρατιύταις
473 1679 573 1746 ταυτὸ
592 1677 762 1771 πράττειν,
782 1679 836 1745 καὶ
854 1679 973 1772 ἀμελῶς
991 1705 1056 1757 πως
1075 1677 1154 1770 ἀμφὶ
1176 1683 1213 1744 τὸ

135 1785 223 1880 ἔργον
247 1787 324 1876 ἐχειν
350 1787 553 1879 παρηγγειλε,
573 1781 629 1859 την
650 1789 746 1852 αὑτοῦ
774 1779 886 1859 ύουλην
908 1783 1030 1864 ἐκείνοις
1048 1785 1214 1851 ἀνακοινω-

134 1891 276 1984 σάμενος·
295 1887 337 1956 τά
359 1883 394 1957 δέ
414 1889 565 1984 τάγματα
586 1882 647 1964 ἤδη
669 1892 728 1958 ὑπὸ
757 1897 826 1969 ταῖς
852 1899 1003 1983 μηχαναῖς
1035 1890 1215 1982 ταχθέντα,

135 1992 207 2064 τινά
230 1997 304 2064 τότε
327 1996 444 2091 καρπὸν
468 2006 529 2064 τῶν
555 1997 712 2065 τοσούτων
731 1997 860 2091 πρόσθεν
886 2002 987 2066 αὐτῶν
1005 1997 1106 2064 πόνων
1125 1996 1216 2089 κομί-

136 2097 256 2186 ζεσθαι,
272 2102 323 2170 καὶ
338 2096 452 2196 ἀνδρας
467 2104 598 2198 ἀγαθοὺς
618 2103 756 2199 γενέσθαι
773 2105 1006 2196 παροοιαλέσας,
1025 2112 1089 2181 τοῖς
1109 2105 1218 2196 προτί·

138 2237 199 2304 ροις
215 2220 272 2278 τοῦ
287 2219 348 2278 τῶν
366 2210 519 2303 πολεμίων
534 2209 654 2302 τείχους
669 2205 900 2303 ἐπιύησομένοις
918 2208 1020 2278 πολλὰ
1038 2202 1125 2303 δῶρα
1138 2215 1216 2277 ὑπο·

137 2318 302 2409 σχόμενος,
317 2319 425 2395 τὸτῆς
444 2317 546 2410 μάχης
560 2315 613 2411 ἦρε
628 2323 763 2409 σημεῖον.
780 2318 822 2383 Οἱ
836 2309 872 2384 δὲ
887 2324 1060 2409 ςρατιῶται
1074 2310 1216 2407 ἐξαίφνης
1237 2387 1243 2400 ,

137 2422 288 2491 πάντοθεν
326 2424 402 2518 πρὸς
436 2425 473 2492 τὸ
513 2431 615 2517 τεῖχος
646 2419 882 2517 προσέόαλλυν,
912 2425 964 2490 καὶ
994 2422 1052 2500 τὰς
1082 2422 1216 2517 τάφρους

140 2532 368 2623 ἀνεπλήρωσαν.
463 2602 467 2613 ,

192 2639 358 2707 XXVIII.
369 2637 410 2703 Οἱ
421 2628 455 2705 δὲ
465 2639 607 2729 πολέμιοι
619 2638 740 2715 τούτοις
749 2638 1017 2732 καταπλαγέντες,
1027 2636 1079 2701 καὶ
1088 2636 1150 2704 ἀπὸ
1160 2646 1217 2703 τοῦ

42 2764 46 2773 ’
139 2742 259 2836 τείχους
273 2744 359 2822 εὐθὺς
366 2743 619 2827 ,ἀπωσθέντες,ἕν
639 2769 674 2809 τε
692 2752 732 2834 τῇ
747 2744 865 2837 ἀγορῳ,
880 2743 933 2809 καὶ
952 2749 1016 2819 τοῖς
1038 2739 1143 2819 ἀλλοις
1160 2753 1216 2821 τῆς

139 2852 256 2929 πόλεως
271 2848 449 2943 εύρυτάτοις
467 2852 575 2927 τόποις
591 2846 675 2916 κατὰ
694 2851 862 2942 συλλόγους
877 2848 1062 2939 ταχθέντες,
1077 2852 1107 2914 ἐν
1130 2842 1217 2925 τ’άξει

140 2959 266 3039 ἔςησαν,
282 2959 311 3023 ἐν
330 2965 373 3043 νῷ
389 2958 531 3047 ἔχοντες,
545 2956 581 3029 ἤν
597 2982 644 3033 τις
659 2955 744 3048 σφίσι
759 2957 908 3041 ἀπαντῴη
927 2964 988 3021 τῶν
997 2954 1165 3047 πολεμίων,
1175 2955 1216 3034 εἰς

140 3072 242 3159 χεῖρας
258 3062 342 3129 ίέναι·
353 3056 460 3137 ἐπειδὴ
477 3053 614 3140 δὀὐδεὶς
629 3062 683 3155 μὲν
699 3067 804 3141 αὐτοῖς
818 3063 958 3144 ἀπιόντα,
969 3060 1051 3129 ἀλλά
1065 3061 1215 3130 πάντοθεν

96 3187 100 3195 “
141 3180 197 3241 τοῦ
216 3168 337 3261 τείχους
353 3170 426 3249 τοὺς
448 3155 609 3263 Ῥωμαίους
631 3169 671 3247 εἰς
693 3172 749 3243 τὴν
769 3170 858 3237 πολιν
871 3160 1083 3247 εἰσπηδῶντας
1097 3172 1217 3262 ἑώρων,

139 3276 274 3346 ἐνταῦθα
295 3267 334 3350 δὴ
358 3266 593 3368 δείσαντες,μῆ
616 3266 744 3368 οὐδεμία
772 3278 818 3342 ἔτι
846 3276 930 3352 ἐλπὶς
958 3276 1110 3367 σωτηρίας
1133 3276 1218 3366 σφίσι

137 3381 362 3465 λείποιτο,τά
389 3383 442 3475 μὲν
471 3386 553 3451 όπλα
583 3379 827 3476 ἀπορρίψαντες,
852 3382 927 3474 πρὸς
951 3380 993 3449 τὰ
1023 3384 1142 3474 ἔσχατα
1162 3393 1218 3459 τῆς

140 3491 259 3568 πόλεως
283 3480 426 3583 δρομαῖοι
448 3492 631 3585 κατέφυγον·
653 3490 740 3584 μέρος
759 3482 790 3556 δ’
804 3487 937 3556 ἐνταῦθα
962 3493 1063 3555 αὐτῶν
1093 3492 1123 3554 ἐν
1149 3496 1218 3565 ταὶς

140 3599 252 3674 πύλαις
274 3597 533 3689 ςενοχωρυύμενοι
553 3600 613 3666 ὑπὸ
628 3604 690 3662 τῶν
711 3604 914 3690 ςρατιωτῶν,
928 3596 1017 3686 μέρος
1033 3586 1068 3661 δὲ
1081 3586 1143 3668 ἤδη
1159 3590 1217 3672 ἔξω

142 3712 205 3771 τῶν
224 3708 328 3770 πυλῶν
353 3703 528 3796 γενόμενοι,
543 3704 603 3770 ὑπὸ
632 3710 693 3769 τῶν
722 3703 838 3770 ἱππέων
858 3703 1089 3774 κατεκόπησαν.
1106 3694 1218 3779 Οὐδεὶς

141 3802 177 3877 δὲ
203 3809 278 3877 τότε
296 3809 364 3903 περὶ
382 3812 439 3879 την
463 3810 604 3903 ἁρπαγὴν
624 3815 686 3874 τῶν
706 3793 856 3900 Ῥωμαίων
881 3801 1042 3900 διέτριύεν·
1064 3809 1133 3873 ἀλλ’
1153 3810 1219 3899 ἅμα
1266 3814 1289 3845 ·’

141 3916 256 3992 πάντες
277 3925 323 4003 τῷ
343 3941 377 3982 τε
405 3922 466 3983 τῶν
492 3918 522 3982 ἐν
550 3926 590 4008 τῇ
616 3909 741 4002 Γενάύῳ
761 3916 867 3998 πόλει,
889 3901 1039 4007 ῥωμαίων
1068 3916 1128 3981 ὑπὸ
1156 3924 1217 3980 τῶν

141 4021 270 4091 Γάλλων
294 4024 483 4117 γεγενημένῳ
510 4022 613 4112 φόνῳ,
639 4020 691 4087 καὶ
719 4019 827 4108 τῷ,ᾧ
852 4021 920 4114 περὶ
948 4024 1003 4094 τήν
1024 4031 1079 4097 τῆς
1098 4020 1217 4098 πόλεως

141 4130 259 4208 ταύτης
278 4128 391 4195 ἀλωσιν
412 4131 601 4221 ἐσχνίκεσοιν,
620 4128 704 4216 πόνῳ
723 4127 989 4220 παρορμηθέντες,
1005 4119 1127 4205 οὐδενὸς
1145 4129 1218 4193 ούτε

957 4248 1027 4328 32⁴
