3000 5025
249 480 271 527 x
652 460 920 529 EDITORIS

250 592 508 686 conscripsiseet.
537 592 864 686 Hactenusiquidem
884 591 964 678 ille,
985 605 1020 658 et
1044 589 1150 659 satis:
1179 592 1257 655 nani
1290 591 1325 659 in

248 700 394 789 spatioso
411 699 619 793 conjectandi
636 699 808 769 curriculo
821 698 1048 795 periculosum
1061 711 1111 765 est
1130 696 1231 789 trimis·
1241 719 1324 789 pro-⁶

249 803 368 873 cedere
392 832 400 873 :
426 808 463 874 in
487 806 540 875 his
566 821 679 877 tamen
696 810 784 901 'quw
807 808 976 899 conjecit,
1004 819 1129 873 utrum·
1145 804 1325 891 erraverit,

249 935 366 994 necne,
377 938 517 1007 sequens
527 914 709 1008 disquisitio
719 911 1324 1004 onmmtlntmeavm,quiaquis

234 1015 303 1087 ‘ille
322 1033 394 1107 est,
414 1018 488 1088 libri
510 1022 567 1114 qni
582 1020 818 1091 circumfertur
836 1035 1027 1103 auctorem,
1046 1044 1089 1087 ne
1108 1016 1188 1111 quid
1201 1016 1322 1111 praeju-

181 1168 182 1171 =
247 1122 416 1213 dicemus,
438 1126 876 1221 Anonymumvocabimus.

303 1234 356 1299 De
374 1235 403 1301 J.
421 1231 520 1304 Celso
543 1223 732 1303 afferuntur
750 1250 896 1329 quatuor
917 1233 1103 1329 praesertim
1118 1230 1324 1317 testimonia,

191 1326 194 1344 ‘
249 1363 394 1431 quorum
419 1340 487 1410 duo
506 1341 577 1435 jam
596 1366 616 1408 a
634 1344 755 1411 Vossio
777 1336 875 1432 (inst.
891 1367 940 1411 on
961 1340 1028 1427 l.V‚
1046 1366 1075 1408 c.
1099 1362 1162 1425 1⁰3
1183 1340 1261 1405 uem
1281 1336 1324 1405 de
1388 1379 1391 1383 »

249 1442 325 1513 hist.
342 1443 397 1514 lat.
413 1445 473 1535 tl,
487 1474 515 1517 c.
537 1443 609 1537 13‚)
629 1449 727 1517 citata
752 1474 852 1544 supra
872 1449 1141 1518 memoravimus.

303 1551 484 1653 Speculum
509 1554 679 1645 historiale
711 1558 882 1626 Vincentii
910 1554 1083 1649 Burgundi
1114 1549 1323 1621 Beluacensis

248 1658 398 1755 episcopi
420 1653 506 1756 (qui
527 1662 641 1731 floruit
663 1664 753 1733 circa
774 1688 900 1732 annum
934 1654 1059 1750 1240)
1079 1652 1216 1752 antiqua
1234 1656 1324 1724 dicta

248 1762 327 1864 Julii
346 1766 435 1837 Celsi
454 1771 627 1838 continet:
655 1770 700 1837 ibi
716 1769 839 1865 legitur
856 1769 876 1838 l.
895 1757 964 1857 Vl,
985 1795 1013 1837 c.
1038 1764 1083 1837 ὅτ
1103 1766 1191 1835 Alia
1213 1764 1324 1833 multa

248 1872 292 1939 dc
313 1871 403 1942 bello
425 1878 574 1945 Caesarrs
594 1882 753 1945 narravit
766 1880 910 1947 Orosius
932 1892 970 1944 et
986 1877 1097 1944 Julius
1114 1867 1247 1957 celsum
1277 1894 1323 1939 ecc

209 1974 212 1981 ’
247 1978 370 2073 quibus
392 1983 502 2050 multa
522 1999 711 2076 sequutum
730 1999 912 2078 excerpta,
929 1996 991 2050 etc.
1009 1980 1191 2049 Sententiae
1206 1977 1321 2047 decem

248 2087 394 2154 citantur
411 2113 452 2156 ex
472 2091 619 2183 quinque
636 2089 737 2159 libris.
758 2089 930 2159 Exlibrol
947 2114 954 2155 ε
978 2116 996 2152 «
1008 2090 1266 2156 consueverunt
1276 2085 1323 2156 dii

248 2194 469 2282 immortales,
482 2222 550 2291 quo
566 2198 699 2291 gravius
709 2197 862 2265 homines
875 2222 917 2265 ex
933 2196 1199 2265 commutatione
1210 2216 1322 2261 rerum

247 2299 819 2397 doleant‚quosproscelereaorum
827 2298 1323 2389 ulciscivolunt‚hissecundio·

247 2430 300 2475 res
319 2409 488 2478 interdum
504 2435 556 2479 res
570 2426 604 2479 et
619 2411 862 2479 diuturniorem
879 2412 1042 2505 impeturn
1060 2406 1253 2479 concedere
1268 2440 1323 2464 -a

247 2517 364 2601 Totius
374 2515 490 2586 Galliae
501 2520 677 2588 consensui
689 2543 751 2587 nec
763 2519 855 2588 orbis
865 2518 1197 2587 terrarumobsistere
1205 2515 1321 2609 possit

247 2623 467 2693 *Naturale
481 2640 531 2694 est
544 2648 660 2694 omnes
672 2625 825 2695 homines
837 2625 948 2695 studio
962 2625 1125 2693 libertatis
1136 2622 1324 2707 ineitarnet

247 2728 454 2800 conditiones
471 2735 640 2802 servitutis
654 2733 771 2802 odisse
784 2773 839 2784 -
851 2735 1015 2802 Libenter
1023 2733 1176 2800 homines
1186 2727 1221 2795 id
1231 2726 1323 2821 quaed

246 2835 385 2924 volunt,
399 2838 549 2909 credunt.
562 2881 617 2893 --
625 2841 806 2910 Iracundia
818 2855 852 2909 et
865 2843 1033 2911 temeritas
1043 2836 1219 2908 Gallorum
1232 2835 1325 2929 genti
1372 2831 1376 2837 “

249 2946 391 3013 mexune
399 2947 514 3014 innata
521 2947 806 3034 est,iteutlevem
813 2948 1020 3016 auditionem
1030 2971 1093 3040 pro
1100 2969 1138 3013 re
1149 2956 1323 3035 comperta

210 3107 211 3110 ,
247 3049 1325 3145 habeant*Animiestistamollitiamonvirtus,inopiampuu·

205 3247 209 3258 ι
249 3153 443 3251 lisperferrc
457 3185 526 3228 non
536 3183 643 3256 posse.
656 3190 674 3226 u
692 3165 743 3230 Ex
753 3161 904 3230 libroll:
923 3161 1076 3228 «Rerum
1087 3158 1238 3225 omnium
1250 3178 1322 3221 ma·
1415 3207 1419 3213 .

249 3265 415 3358 gisterest
428 3291 519 3336 usus.
529 3297 547 3333 »
567 3271 619 3336 Ex
633 3268 719 3338 libro
733 3270 788 3338 III
802 3294 810 3336 ε
834 3270 958 3336 «Inter
976 3265 1061 3334 duos
1074 3262 1239 3332 bellantes
1256 3263 1333 3332 hoc.

247 3396 353 3440 unum
369 3387 502 3469 tempus
520 3374 723 3445 deliberandi
746 3375 885 3470 depace
907 3387 976 3461 est,
998 3371 1080 3440 dum
1099 3371 1161 3440 sihi
1181 3385 1324 3463 uterque

250 3481 405 3567 confidit,
425 3496 459 3550 et
476 3483 576 3552 ambo
590 3476 692 3578 ¹pares
710 3482 883 3568 videmur3
894 3471 986 3574 quod
999 3481 1027 3547 si
1041 3477 1138 3547 alteri
1149 3475 1323 3574 paululum

250 3583 385 3656 fortuna
405 3589 574 3678 tribuerit,
592 3593 649 3658 vix
665 3604 780 3659 utetur
798 3586 1044 3656 conditionibus
1059 3587 1170 3680 pacis,
1188 3585 1246 3680 qui
1258 3607 1322 3651 su·

249 3695 360 3786 perior
385 3696 537 3786 videtur,
564 3723 628 3766 nec
651 3719 746 3791 eque
773 3709 869 3790 parte
898 3707 1076 3762 contentus
1097 3695 1180 3781 erit,
1205 3691 1263 3786 qui
1287 3713 1323 3760 se

249 3803 363 3870 omme
383 3802 579 3882 habiturum
595 3819 743 3898 speret.»
764 3841 819 3854 --
836 3805 889 3870 Ex
899 3799 985 3870 libro
999 3801 1069 3870 IV:
1089 3828 1108 3865 a
1119 3803 1244 3868 Terror
1261 3797 1323 3865 lro·

249 3909 393 3977 minibus
409 3911 582 3980 consil'nrm
592 3925 810 4004 mentemque
818 3910 932 4006 eripit,
949 3923 986 3978 et
998 3908 1150 3977 membre
1162 3904 1324 3976 debilitat.

249 4053 302 4066 -·-
312 4018 459 4086 Fortuna
472 4016 669 4112 plerumque
680 4039 765 4114 quos
778 4016 932 4114 plurimis
943 4015 1113 4085 beneficiis
1126 4013 1268 4099 amavit,
1280 4009 1324 4078 ad

249 4121 419 4192 demerem
438 4149 552 4195 cauum
570 4140 730 4196 reservat.
741 4155 760 4193 »
790 4129 841 4198 Ex
855 4123 941 4195 libro
955 4127 988 4194 V
1005 4150 1012 4192 :
1039 4153 1056 4188 α
1066 4120 1158 4193 Galli
1172 4120 1323 4188 homines
