3000 5025
227 464 529 534 INTERPRES
557 466 794 534 GRAECUS.
822 467 920 562 Lm.
949 470 991 538 V.
1077 473 1153 567 447

88 586 323 682 δυνατωτάτου,
340 608 396 665 τοῦ
416 601 472 673 τὴν
496 601 622 692 πρώτην
649 593 734 676 τάξιν
759 606 806 685 τῷ
832 599 960 689 πρόσθεν
986 603 1048 668 ἔτει
1073 601 1159 696 παρὰ

86 712 133 790 τῷ
152 704 282 798 Καίσαρι
301 704 446 796 σχόντος,
467 709 522 797 μιᾷ
545 699 622 798 όολῇ
650 710 773 774 παλτοῦ
798 705 970 798 άμρύτεραι
990 700 1159 802 διεπόρθη-

86 833 154 874 σαν.
173 793 202 874 (δ
221 801 256 876 δὲ
275 807 407 889 Κοΐντος
422 811 603 894 Λουκάνιος,
617 821 664 898 τῷ
678 811 732 896 υἱῷ
751 811 811 878 ὑπὸ
829 821 895 878 πῶν
909 812 1064 905 πολεμίων
1083 817 1161 884 πάν·

17 941 20 958 ι
85 915 172 982 τσθεν
189 919 393 1010 περιεχομένῳ
408 912 551 1001 ύοηθῶν,
571 917 743 1010 μαχόμενος
771 916 966 992 ἀποθνήσκει·
989 919 1040 987 καὶ
1066 918 1164 1000 αὐτὸς

85 1025 102 1086 ὁ
116 1023 242 1101 Λούκιος
257 1023 398 1106 Κόττας,
412 1022 514 1101 πάσας
527 1021 583 1102 τὰς
598 1017 699 1102 τάξεις
714 1022 756 1102 εἰς
771 1026 827 1097 την
843 1023 946 1115 μάχην
959 1034 1159 1118 παρακαλῶν,

84 1120 231 1225 σφενδόνη
251 1126 335 1198 κατὰ
353 1140 410 1197 τοῦ
428 1131 568 1223 ςύματος
587 1130 715 1224 ἐτρώθη,

140 1237 297 1305 XXXVI.
316 1239 445 1314 Τούτοις
465 1227 496 1302 δ’
515 1243 531 1304 ύ
551 1238 710 1329 Τιτούριος
729 1220 1086 1331 ἐκροθηθιὶς,πύρρωθεν
1106 1243 1161 1308 τὸν

84 1329 269 1438 Ᾰμύιύρυγα
291 1344 363 1421 τοθς
385 1347 496 1410 ἑαυτοῦ
522 1345 762 1436 παροτρύνοντα
774 1342 900 1436 καθορᾷ·
916 1344 1019 1430 ἐκείνῳ
1037 1346 1090 1437 μὲν
1110 1343 1162 1413 οὖν

85 1449 139 1515 τὸν
148 1449 279 1542 ἑρμηνέα
297 1453 408 1518 ἑαυτοῦ
428 1451 535 1517 Γναῖον
550 1450 713 1541 Πομπάίυν
732 1446 878 1540 πέμψας,
898 1459 961 1518 τῶν
981 1477 1015 1517 τε
1029 1477 1161 1545 ςρατιω-

85 1561 146 1620 τῶν
165 1557 218 1624 καὶ
237 1560 348 1623 ἑαυτοῦ
371 1548 544 1646 φείδεσθαι,
566 1547 666 1624 ἐδεῖτο
693 1557 799 1622 αὐτόν·
819 1562 835 1624 ό
855 1548 892 1624 δθ
910 1558 969 1624 ὑπὸ
989 1567 1046 1626 τοῦ
1064 1563 1160 1652 ἑρμη-
1224 1568 1229 1579 ’

86 1661 156 1740 νέως
183 1661 407 1752 παρακληθεὶς,
427 1661 624 1756 ἁπεκρίνατο·
650 1665 699 1729 ὅτι
722 1656 856 1740 ἐξέσοιτο
884 1670 931 1749 τῷ
949 1663 1118 1758 Τιτουρύω,
1137 1666 1162 1731 εἰ

86 1759 228 1836 ύοελοιτο
257 1768 298 1847 εἰς
322 1770 433 1864 λόγους
461 1769 545 1836 ἰέναι·
571 1768 722 1861 καὶπρὸς
748 1771 871 1848 τούτοις
896 1763 1025 1848 ιλπίζιιν
1050 1774 1160 1840 ἑαυτὸν

87 1874 212 1970 ἔλεγεν,
231 1873 300 1966 περὶ
326 1886 382 1954 τῆς
410 1886 472 1942 τῶν
498 1886 681 1969 ςρατιωτῶν
708 1876 862 1968 σωτηρίας
882 1873 968 1968 παρὰ
992 1885 1049 1944 τοῦ
1068 1879 1162 1969 ὄχλου

86 1979 337 2074 ἀποκομίσεσθαι.
354 1967 384 2048 O
403 1975 439 2048 δὲ
450 1985 609 2074 Τιτούριρς
621 2033 631 2067 ,
645 1983 721 2072 ἔφη,
734 1976 897 2076 άνύύριςος
916 1973 1163 2076 διαφυλαχθιόσε-

87 2113 155 2171 ται,
167 2087 221 2154 καὶ
239 2099 334 2155 τοῦτο
354 2092 416 2184 ἐγὼ
434 2090 526 2166 αὐτὸς
545 2097 706 2181 πιςοθμαι.
722 2071 753 2154 I)
772 2079 809 2154 δὲ
827 2083 953 2164 Σαύῖνος
967 2093 1061 2156 ταῦτ’
1074 2091 1165 2158 ἀκού·

85 2218 154 2279 σας,
173 2194 255 2284 μετὰ
275 2205 330 2263 τοῦ
349 2197 540 2289 τετρωμένου
563 2196 678 2262 Κόττα
701 2188 897 2281 ύσυλεύεται,
919 2195 1050 2290 πότερον
1078 2201 1164 2284 αὐτῷ

87 2289 196 2374 δοκοίη
222 2303 258 2368 ἐκ
286 2313 343 2380 τῆς
371 2303 472 2396 μάχης
500 2296 699 2385 ἐξελθόντας,
718 2310 765 2388 τῷ
789 2291 963 2396 Ᾱμύιύρυγι
987 2302 1029 2380 εἰς
1052 2305 1163 2397 λόγους

87 2407 191 2474 ἐλθεῖν·
210 2408 263 2474 καὶ
287 2415 302 2475 ὁ
326 2409 380 2502 μὲν
404 2409 532 2488 Κόττας
547 2409 624 2502 πρὸς
648 2409 839 2502 ὡπλισμένον
862 2410 917 2476 τὸν
941 2410 1089 2503 πολέμιον
1107 2415 1163 2478 οὐκ

86 2513 138 2605 ἴρη
159 2514 256 2599 ἰέναι,
277 2516 345 2583 ἀλλ’
363 2516 495 2585 ἐνταῦθα
514 2518 700 2608 κατέμεινεν.

137 2624 317 2691 XXXVII.
335 2606 364 2687 0
384 2614 419 2690 δὲ
439 2616 582 2706 Σαύῐνσς,
597 2619 641 2698 οἷς
658 2622 733 2689 τότε
747 2621 814 2713 μεθ’
830 2626 941 2688 ἑαυτοῦ
955 2616 1035 2712 εἶχε,
1048 2622 1165 2717 χιλιάρ·

86 2753 152 2818 χοις
172 2754 209 2795 τε
223 2728 274 2796 καὶ
288 2722 464 2823 ταξιάρχοις
479 2733 580 2815 ἑαυτῷ
597 2718 948 2822 παρηγγειλενέπεσθαι·
965 2726 1017 2793 καὶ
1035 2726 1164 2800 πλησίον

87 2846 143 2901 τοῦ
167 2824 364 2931 Ᾱμύιόρυγος
391 2836 504 2917 ἔλθων,
524 2831 566 2900 τὰ
585 2838 668 2901 όπλα
695 2832 894 2925 άπορῥίπτειν
920 2832 1107 2917 κελευσθεὶς,
1126 2837 1165 2901 τὸ

84 2942 279 3036 προσταχθὲν
296 2947 483 3026 ε’ποιησατο,
498 2941 549 3009 καὶ
562 2944 629 3019 τοῖς
646 2940 712 3033 μεθ’
726 2943 839 3007 ἑαυτοῦ
857 2940 957 3007 ταύτὸ
978 2946 1073 3007 ποιεῖν
1089 2966 1164 3033 παρ-

85 3050 235 3145 άγγειλον·
256 3052 285 3115 ἐν
305 3047 331 3137 ᾧ
351 3042 386 3117 δὲ
404 3050 473 3141 περὶ
491 3048 645 3123 συνθηκῶν
665 3039 912 3138 διεπράττοντο,
933 3046 987 3113 καὶ
1009 3046 1061 3113 ε’πί
1083 3048 1162 3114 πολὺ

85 3148 266 3235 ἐξεπίτηδες
297 3158 437 3251 ἠγόρευεν
466 3162 482 3225 θ
516 3144 694 3249 Ᾰμὸίορυξ,
718 3150 802 3219 κατὰ
828 3154 934 3247 μικρὸν
962 3152 1160 3231 κυκλωθεὶςὸ

86 3258 236 3348 Σαύῖνσς,
255 3264 384 3359 ἐσφάγη·
403 3266 477 3331 τότε
499 3253 535 3329 δὲ
554 3260 636 3331 κατὰ
663 3263 701 3328 τὸ
728 3262 832 3337 αὐτοῖς
856 3258 979 3337 σύνηθες
1002 3261 1059 3332 τὴν
1078 3260 1163 3333 νίκην

87 3365 296 3454 συνεόόησαν,
309 3368 361 3437 καὶ
380 3369 493 3447 πάντες
514 3361 722 3445 ἐπηλάλαξαν·
737 3371 804 3443 τοῖς
823 3391 859 3432 τε
880 3350 1033 3456 Ῥωμαίοις
1055 3358 1163 3442 ἐξαπί-
1222 3447 1225 3451 .

86 3501 139 3555 νης
159 3472 366 3571 έμύαλύντες,
385 3474 442 3555 τὰς
473 3468 574 3553 τάξεις
601 3478 702 3542 αὐτῶν
726 3466 888 3564 ἐτάραξαν·
917 3470 987 3537 ἔνθα
1013 3462 1053 3545 δὴ
1073 3478 1089 3539 ὁ
1109 3473 1163 3564 μὲν

87 3586 220 3662 Λούκιος
237 3584 383 3669 Κόττας,
397 3582 448 3650 καὶ
467 3578 556 3649 ἄλλοι
574 3583 755 3675 πάμπολλοι
772 3586 834 3647 τῶν
849 3582 903 3645 σὺν
923 3580 1009 3664 αὐτῷ
1028 3577 1164 3670 άλιιίμως

88 3695 281 3787 μαχόμενοι,
293 3690 454 3759 ἀπέθανον·
470 3689 498 3755 οἱ
512 3680 546 3753 δὲ
555 3686 660 3755 λοιποὶ
673 3689 703 3763 ἐς
721 3687 759 3752 τὸ
774 3682 809 3752 οὗ
823 3678 947 3772 ἐξῄεσαν
967 3676 1165 3775 ςρσιτοπέδσυ

87 3797 330 3895 έσηρράχθησαν·
346 3800 375 3862 ἐν
386 3799 507 3873 τούτοις
519 3786 554 3861 δὲ
563 3796 693 3870 Λούκιος
702 3783 928 3885 Πετρσσηδιος,
937 3801 994 3858 τοῦ
1003 3792 1167 3884 τάγματος

87 3910 204 3977 τούτου
227 3904 409 3996 άετορόρος,
430 3892 536 3975 ἐπειδὴ
558 3902 618 3967 ὑπὸ
638 3902 756 3967 πολλοῦ
774 3905 836 3965 τῶν
857 3898 1010 3991 πολεμίων
1031 3896 1164 3977 πλήθους

90 4009 242 4095 ἐπιέζετο,
251 4012 305 4079 τόν
320 4011 374 4103 μὲν
387 4010 476 4076 άετθν
491 4007 531 4087 εἰς
545 4008 583 4074 τὸ
597 4009 693 4100 ἔρυμα
704 3998 842 4071 ἔθαλλεν·
854 4007 946 4082 αὐτὸς
956 3996 992 4071 δὲ
1001 4003 1163 4096 προθύμως

90 4118 259 4215 ἔμπροσθεν
278 4126 336 4185 τούΙ
354 4107 551 4210 ςρατοπέδοιι
566 4114 755 4207 μαχόμενος,
770 4112 829 4178 ὑπὸ
848 4118 910 4177 τῶν
928 4111 1083 4203 πολεμίων
1103 4102 1165 4178 διε·
