3000 5025
268 470 573 543 INTERPRES
601 442 838 539 GRAEcUsL
867 470 963 537 Lm.
992 469 1019 537 1.
1108 442 1185 539 ’σοι

118 603 187 696 πρὸς
204 614 298 671 τοῦτο
322 611 386 683 τοῖς
405 605 593 695 ςρατιῶταις
613 594 667 669 διὰ
686 602 739 668 τὸν
759 600 876 668 ἐκείνων
897 595 992 691 φόόον
1010 600 1186 697 χρήσεσθαι.

166 710 236 777 XL.
255 694 302 787 Ως
321 712 375 802 μὲν
402 707 452 777 οὑν
475 707 586 803 ᾔσθετο
606 714 622 775 ό
641 711 765 801 Καῖσαρ
793 701 886 800 φόύον
915 698 1078 775 διαθέοντα
1096 711 1126 774 έν
1144 716 1188 799 τῇ

116 800 238 907 ςρατιᾷ,
250 821 399 911 συγκαλεῖ
412 820 533 893 πάντας
548 816 618 893 τοὺς
633 810 785 908 ἀρχουτὰς
797 824 854 881 τοῦ
868 816 1093 907 ςρατεύματος.
1107 800 1186 882 Επεὶ

115 913 150 987 δὲ
166 921 326 1007 συνῆλθον,
340 921 469 1014 ἰσχυρῶς
488 924 591 998 αὐτοῖς
611 921 820 1013 μεμφόμενος,
834 914 917 998 ἕλιξι
938 912 1055 987 τοιάδε·
1068 902 1185 1012 Ᾰνδρες

113 1025 203 1117 φίλοι,
216 1037 312 1096 τοῦτο
332 1030 386 1121 μὲν
405 1034 474 1120 ὑμῖν
494 1027 614 1120 μάλιςα
632 1030 767 1122 ἐγκαλῶ,
782 1030 831 1094 ὅτι
850 1030 921 1095 ὅποι
938 1025 1044 1093 τεκαὶ
1063 1028 1109 1118 ἐφ’
1123 1030 1187 1112 ότῳ

111 1138 185 1223 ὑμᾶς
208 1131 292 1228 άγω,
310 1140 603 1228 πολυπραγμονεῖτε·
626 1144 749 1227 πρῶτον
769 1132 823 1225 μὲν
844 1131 903 1228 γάρ
923 1142 980 1199 τοῦ
998 1120 1186 1225 Ᾰριούίςου,

110 1240 180 1330 ἐμοῦ
198 1242 426 1323 ὑπατεύοντος,
441 1239 569 1333 ἰσχυρῶς
584 1249 640 1317 τῆς
654 1239 730 1332 πρὸς
745 1240 816 1317 τοὺς
830 1225 990 1331 ῥωμαίους
1009 1236 1109 1328 φιλίας
1127 1240 1188 1305 ἐπι·

109 1344 317 1436 θυμήσαντος,
340 1348 448 1415 ἔπειτα
466 1339 611 1439 θαυμάζω
629 1356 694 1423 πῶς
721 1343 757 1413 ἀν
777 1372 825 1424 τις
843 1348 953 1413 ἐκεῖνον
972 1348 1055 1411 οὑτω
1075 1334 1190 1435 ῥαδίως

107 1453 248 1543 προέσθαι
272 1444 390 1527 δοκοίη.
409 1454 523 1542 Πολλῷ
542 1457 659 1545 μάλλον
680 1442 710 1517 δ’
729 1454 790 1547 ἐγὼ
808 1452 926 1545 θαρρῶ,
942 1455 1051 1539 ἐκεῖνον
1070 1453 1129 1524 τόν
1155 1453 1185 1517 τ’

107 1558 179 1649 ἐμὴν
196 1560 310 1653 γνόντα
326 1560 464 1644 αἴτησιν,
479 1558 530 1625 καὶ
544 1562 600 1632 τὴν
616 1549 805 1632 δικαιότητα
819 1562 914 1636 αὐτῆς
928 1561 1185 1639 κατανοήσαντα,

108 1665 177 1731 ούτε
191 1668 246 1740 τὴν
262 1667 338 1759 πρός
353 1692 402 1759 με,
410 1667 481 1733 οὕτε
495 1668 552 1739 τὴν
567 1666 643 1760 πρὸς
657 1665 729 1741 τοὺς
740 1649 902 1756 Ῥωμαίους
914 1662 1016 1750 φιλίαν
1027 1666 1184 1754 παραιτί-

106 1794 175 1837 σειν·
188 1761 263 1866 πρὸς
275 1775 398 1849 τούτοις
411 1763 447 1838 δέ
459 1771 540 1867 γε,εἰ
554 1770 606 1839 καὶ
618 1770 703 1863 θυμῷ·
712 1794 747 1837 τε
757 1769 811 1838 καὶ
821 1772 974 1864 ἀφροσύνῃ
984 1768 1125 1852 πεισθεὶς,
1132 1770 1187 1837 πό-

104 1882 194 1969 λεμον
213 1884 285 1963 ἡμῖν
313 1880 469 1971 ἐπιφέροι,
490 1878 522 1945 τί
551 1869 669 1952 διίποτε
692 1880 790 1954 οὑτως
818 1869 998 1971 ὀρρωδεῖτες
1017 1875 1036 1950 ἢ
1058 1875 1140 1953 τίνος
1154 1878 1184 1970 γ’

104 1986 189 2050 ἕνεκα
216 1984 285 2079 περί
309 2010 344 2051 τε
368 1994 424 2062 τῆς
451 1985 600 2077 ὑμετέρας
628 1984 744 2066 ἀλκῆς,
759 1983 811 2050 καὶ
829 1994 886 2061 τῆς
909 1986 984 2075 ἐμῆς
1002 1975 1180 2059 ἀνελπίζετε

103 2088 288 2182 προθυμίαςς
302 2093 432 2157 Τούτου
444 2091 497 2182 μὲν
516 2100 574 2157 τοῦ
592 2089 740 2182 πολεμίου
760 2089 811 2157 ἐπὶ
829 2099 892 2157 τῶν
910 2090 1066 2184 ηματέρων
1085 2090 1182 2156 πατέ-

104 2222 158 2286 ρων
172 2196 416 2291 ἐπειρασάμεθα,
437 2197 533 2264 ὁπότε
553 2194 645 2263 Γαίου
665 2195 787 2290 Μαρίου
806 2198 878 2275 τούς
897 2222 933 2262 τε
952 2190 1113 2290 Κίμύρους
1132 2196 1185 2262 καὶ

102 2304 172 2381 τοὺς
194 2305 366 2382 Τουτονοὺς
391 2306 426 2369 ἐκ
443 2312 499 2380 τῆς
519 2288 644 2381 Ῐταλίας
667 2296 889 2386 ἐξελάσαντος,
907 2306 965 2394 οὑχ
982 2300 1078 2377 ἦττον
1097 2295 1183 2378 ἀξιέ-

101 2435 202 2477 παινοι
221 2410 249 2477 οἱ
268 2417 440 2503 ςρατιῶται
465 2416 527 2475 τῶν
554 2419 718 2505 ςρατηγῶν
738 2409 950 2503 ἐνομίσθησαν.
970 2395 1182 2503 Επειράθημεν

101 2506 134 2582 δὲ
154 2517 207 2584 καὶ
226 2519 255 2583 ἐν
275 2529 321 2606 τῷ
344 2515 435 2594 νεωςὶ
452 2506 530 2609 πρὸς
549 2518 622 2594 τοὺς
640 2507 769 2594 δούλους
788 2519 818 2582 ἐν
837 2526 878 2610 τῇ
898 2500 1008 2605 Ῐταλίορ
1032 2516 1181 2608 πολέμῳ,

100 2621 151 2689 καί
169 2649 219 2692 τοι
238 2627 360 2702 τούτοις
378 2629 434 2698 ἥτε
453 2623 540 2715 χρεία
553 2622 637 2696 καὶὴ
653 2613 788 2714 διδαχὴ,
802 2623 837 2696 ἢν
852 2624 926 2714 παρ’
940 2629 1026 2713 ἡμῶν
1044 2622 1182 2713 παρέλα·

100 2723 177 2813 όον,
197 2733 279 2826 μέγα
296 2725 511 2812 συνεύάλλετο·
533 2733 572 2807 ὥς
591 2731 622 2794 τ’
641 2732 676 2794 ἐκ
700 2731 821 2794 τούτων
850 2720 955 2819 ῥᾴδιόν
975 2730 1022 2804 ἐςι
1042 2736 1180 2820 γνῶναι,

98 2837 193 2902 πόσον
214 2839 244 2902 έν
263 2848 309 2924 τῷ
328 2839 455 2929 πολέμῳ
473 2841 492 2909 ἡ
514 2836 690 2928 σωφροσύνη
716 2829 939 2926 συμόαλλεται·
960 2837 1010 2910 οὕς
1029 2859 1107 2904 ποτε
1126 2835 1180 2926 μὲν

98 2941 155 3035 γάρ
176 2943 329 3025 ἀόπλους,
348 2941 412 3036 εἰκῇ
437 2936 628 3034 πεφόύησθε,
648 2942 767 3008 τούτων
789 2942 897 3028 ἔπειτα
922 2941 1119 3033 ὡπλισμένων
1144 2967 1180 3006 τε

83 3037 307 3123 ,καὶνικητῶν
334 3051 535 3141 ἐκρατήσατε.
560 3048 642 3139 Πρὸς
661 3049 785 3125 τούτοις
811 3039 842 3113 δ’
862 3051 967 3116 ἐκεῖνοι
987 3047 1076 3114 αὐτοὶ
1095 3035 1181 3114 οὑτυί

98 3155 169 3222 εἰσιν
183 3155 212 3222 οἱ
225 3155 384 3249 Γερμανοὶ,
399 3149 449 3232 οὑς
463 3152 611 3232 πολλάκις
626 3154 654 3220 οἱ
668 3139 819 3228 Ελόύτιοι
832 3156 866 3222 οὑ
881 3155 972 3246 μόνον
987 3155 1016 3219 ἐν
1031 3162 1072 3246 τῇ
1084 3163 1179 3246 σφῶν,

97 3260 178 3328 ἀλλὰ
197 3260 250 3328 καὶ
267 3264 296 3328 ἐν
311 3271 351 3356 τῇ
366 3260 483 3328 ἐκείνων
504 3265 605 3328 αὑτῶν
625 3264 731 3354 χώρᾳ,
746 3261 832 3355 μάχη
851 3262 1059 3342 νενικιίκασιν,
1074 3259 1181 3327 ίσοπα·

94 3373 157 3445 λεῖς
178 3359 210 3434 δ’
224 3371 306 3461 ὅμως
325 3377 365 3461 τῇ
383 3369 519 3460 ἡμετέρᾳ
537 3371 653 3461 ςρατιᾷ
670 3366 808 3462 γενέσθαι
827 3370 868 3459 μή
889 3357 1078 3444 δυνηθέντες.
1090 3365 1129 3460 Εί
1144 3358 1179 3433 δὲ

95 3480 112 3548 ἡ
132 3484 198 3540 τῶν
219 3472 345 3541 Γαλλων
374 3476 434 3542 ὑπὸ
461 3485 518 3541 τοῦ
539 3463 707 3568 Ᾰριούίςου
732 3471 817 3548 ἧττα
842 3467 985 3565 έκφούεῒ,
1004 3471 1089 3540 οὑτοι
1115 3465 1179 3549 ἐξε-

40 3640 42 3648 s
95 3571 243 3660 στίζοντες
261 3581 298 3648 τὺ
317 3584 466 3678 πρᾶγμα,
486 3583 662 3673 εὑρήσουσι,
681 3587 746 3658 τοῖς
766 3578 896 3657 Γαλλοις
919 3578 969 3646 ἐπὶ
987 3590 1033 3666 τῷ
1054 3580 1180 3670 πολέμῳ

96 3679 310 3780 μακροχρονίῳ
331 3689 482 3781 γενομένῳ
499 3679 561 3762 ἤδη
590 3687 778 3778 κεκμηκόσι,
797 3686 849 3754 καὶ
867 3689 923 3753 οὑκ
943 3688 990 3753 ἔτι
1016 3683 1178 3778 μαχεῖσθαι

96 3796 150 3862 τὸν
170 3783 338 3886 Ᾰριόύιςον
357 3786 531 3887 νομίζουσι,
546 3793 597 3860 καὶ
617 3784 670 3859 διὰ
689 3803 783 3860 τοῦτο
803 3792 951 3870 ἀτάκτοις
970 3788 1052 3874 οὖσι,
1066 3794 1177 3859 ἐκεῖνον

96 3893 193 3968 πολὺν
211 3901 319 3994 χρόνον
334 3901 363 3966 έν
378 3926 413 3967 τε
427 3895 473 3989 τῷ
492 3890 678 3993 ςρατοπέδῳ
697 3899 749 3966 καὶ
763 3891 893 3966 ὑλώδεσι
907 3893 1059 3992 κρυύέντα
1071 3897 1178 3975 τόποις

96 4005 182 4100 ἀφνω
208 4006 371 4074 ἐπιθέσθαι·
394 4011 455 4084 ῶςε
480 4011 598 4100 μᾶλλον
618 4004 724 4100 ἀπάτρ
744 4031 780 4072 τε
798 4005 850 4072 καὶ
869 3998 972 4096 δολῳ,
991 4003 1010 4079 ἢ
1029 4005 1126 4097 ἀρετῇ
1143 4029 1179 4072 τε

97 4115 148 4182 καὶ
174 4113 256 4208 ἀλισρ
280 4113 391 4192 αὑτοὺς
413 4123 545 4210 νικῆσαι.
571 4112 610 4180 Εἰ
630 4116 707 4187 αὕτη
735 4114 840 4206 μέντοι
862 4111 1014 4187 ἠάπάτη
1035 4112 1105 4179 κατ’
1121 4111 1183 4178 άν-
