3000 5025
293 426 365 529 ¹94
484 384 529 515 i.
559 426 722 497 onnsr
750 383 1176 520 oonnnnrann

286 555 414 655 impetu
428 612 431 619 .
445 560 561 628 eastris
592 554 791 657 erumpunt,
814 556 939 625 flumen
972 567 1169 641 transeunt,
1190 567 1225 621 et
1252 552 1392 647 iniquo·

287 666 401 758 copias
422 680 593 761 exponunt
608 665 692 735 loco.
713 664 898 752 Labienus,
914 678 953 731 ut
967 660 1183 757 praeviderat,
1202 684 1274 728 rem
1293 684 1367 727 suc·
1387 678 1390 684 ’

238 767 242 774 ’
287 770 406 855 cedere
428 772 634 867 intelligens,
656 798 717 868 per
738 774 905 866 inceptam
927 766 1192 868 simulationem,
1213 764 1305 835 lento
1324 780 1371 834 ta-

285 900 364 947 men
385 878 589 972 procedebat
611 904 744 975 gressu,
764 878 872 947 donec
894 877 1121 969 insequentes,
1136 897 1203 969 quo
1221 872 1367 941 destina·

284 998 405 1072 verat,
429 984 647 1079 produxisset.
676 988 763 1054 Tum
791 1007 973 1053 conversus
998 1007 1005 1049 ε
1028 980 1171 1067 oblata,
1196 980 1324 1074 inquit,
1346 1004 1369 1047 o

284 1092 426 1178 milites,
442 1094 629 1184 facultate
649 1114 786 1189 pugnoe
799 1092 1032 1187 prosperioris
1051 1091 1212 1155 utimini:
1232 1085 1370 1154 habetis

283 1194 432 1284 bostem,
457 1215 494 1267 et
517 1204 699 1293 iniquitate
725 1200 814 1286 loci,
837 1212 874 1265 et
895 1220 960 1265 suo
988 1217 1123 1279 errore,
1146 1216 1280 1287 suaque
1308 1192 1368 1261 de:

282 1310 413 1393 menna
433 1311 714 1399 circumventum
728 1318 900 1401 praestate
917 1301 1001 1370 murt
1016 1301 1138 1387 semel,
1158 1299 1255 1394 quod
1266 1305 1369 1395 impe·
1478 1387 1479 1390 Ἴ

282 1416 517 1483 ratort‘n'ostro
525 1417 649 1481 totiens
653 1416 879 1509 praestitutis.
891 1408 1188 1503 Agr'teutsoletis3
1198 1422 1235 1475 et
1243 1407 1369 1476 adesse

281 1517 377 1585 illum
392 1520 535 1607 crudete,
554 1534 588 1587 et
606 1520 723 1589 erdere
737 1542 818 1613 quae
831 1530 1016 1613 gemnae,
1041 1518 1175 1601 omnio,
1191 1514 1288 1607 cusin
1301 1512 1367 1583 sub
1477 1589 1480 1613 ὲ

280 1625 391 1693 oculis
403 1642 475 1696 tam
494 1628 605 1696 multa
618 1650 714 1723 saepe
728 1629 885 1721 gessistis
901 1627 1045 1718 egregie.
1061 1624 1141 1689 Haec
1158 1620 1272 1690 dicens
1282 1675 1293 1709 ,
1304 1620 1368 1721 cel·

281 1730 370 1799 siore
388 1730 463 1801 loco
482 1735 635 1829 sepositis
653 1757 836 1828 parumper
849 1728 1114 1825 impedimentis,
1137 1729 1366 1824 appositisque

280 1838 463 1930 praesidiis,
485 1854 591 1909 totam
618 1842 722 1909 aciem
747 1841 782 1908 in
806 1838 921 1907 hostes
949 1836 1116 1939 obvertit,
1138 1847 1172 1903 et
1193 1834 1365 1905 horrendo
1476 1821 1480 1843 ⁴

280 1946 400 2013 terruit
419 1944 573 2015 clamore.
595 1945 648 2014 Illi
671 1971 774 2040 quos,
791 1959 829 2012 ut
850 1943 1035 2038 profugos,
1054 1942 1299 2035 sequebantur,
1320 1943 1364 2014 ad

281 2073 316 2127 se
331 2064 423 2118 tanta
440 2051 548 2121 redire
570 2054 757 2121 constantia
779 2050 982 2119 admirantes
996 2063 1032 2116 et
1051 2050 1203 2136 attoniti,
1223 2050 1279 2117 vix
1298 2052 1365 2144 pri·
1476 2128 1479 2153 1

279 2180 374 2225 mum
395 2156 502 2227 tulere
524 2162 708 2252 impetum,
723 2183 831 2252 ¹seque
853 2156 960 2226 effusa
980 2154 1061 2251 fuga
1081 2157 1239 2250 proximis
1261 2181 1363 2225 occu·

279 2258 372 2331 luere
394 2263 492 2333 silvis.
514 2268 646 2334 Instant
663 2265 809 2333 Romani
828 2266 970 2350 acriter,
986 2278 1022 2330 et
1042 2263 1138 2331 victis
1155 2263 1363 2357 principibus
1476 2261 1480 2276 ⁴

280 2369 536 2461 conjurationis,
554 2371 667 2441 multis
682 2373 717 2440 in
735 2373 825 2458 acie,
843 2369 955 2439 multis
970 2371 1005 2436 in
1023 2368 1104 2463 fuga
1123 2359 1231 2460 caesis,
1248 2367 1363 2439 multis

130 2446 132 2471 Ι
184 2557 186 2565 Ι
274 2475 378 2556 ιεῑίειηι
397 2479 503 2573 captis
517 2505 527 2565 ;
549 2479 726 2549 Germanis
741 2480 895 2573 insuper,
909 2477 1019 2579 quiet
1035 2477 1062 2557 si
1077 2476 1223 2571 primum
1242 2501 1361 2572 negas·

278 2597 372 2675 sent,
391 2587 572 2680 expugnati
586 2586 683 2655 donis
701 2611 740 2655 ac
759 2585 914 2680 precibus
935 2583 1071 2652 tandem
1092 2584 1144 2651 eis
1160 2582 1281 2652 auxilio
1302 2608 1360 2653 ve·

277 2689 434 2780 niebant,
453 2693 496 2761 ad
510 2695 558 2761 rei
573 2692 696 2762 famam
715 2694 857 2761 reversis
875 2690 918 2759 ad
937 2691 1092 2785 propria;
1106 2689 1274 2758 civitatem
1291 2717 1361 2760 orn·

276 2795 370 2864 nium
376 2798 446 2892 jam
460 2825 519 2895 spe
535 2815 568 2870 et
580 2801 732 2898 praesidio
747 2800 940 2868 destitutam
953 2797 1137 2892 recipiunt3
1151 2812 1186 2864 et
1198 2795 1358 2866 inducio-

276 2925 360 2971 man
353 2905 647 3024 ¹'necessariisfuga
656 2907 791 3003 elapsis,
804 2905 1025 3000 Cingetorigi,
1035 2929 1092 3022 qm
1084 2905 1261 2972 Romanis
1269 2903 1358 2976 fidus

267 3007 334 3080 ‚ab
326 3025 459 3082 initroin
469 3011 570 3082 finem
583 3015 708 3104 fuerat,
718 3040 795 3084 cum
803 3011 955 3082 libertate
964 3025 1080 3107 patnae
1093 3035 1235 3104 regnum
1245 3009 1355 3080 datur.
1411 3080 1416 3085 ,

290 3117 381 3184 Ad
399 3112 490 3209 hunc
510 3120 648 3190 modum
670 3123 803 3217 Caesar,
821 3145 890 3188 non
908 3144 968 3214 per
990 3142 1025 3187 se
1047 3131 1197 3204 tantum,
1215 3117 1274 3186 sed
1294 3143 1357 3213 per
1477 3123 1479 3134 ⁴

238 3257 240 3270 ι
274 3218 400 3316 legatos
415 3227 513 3296 etiam
520 3228 678 3322 ,quisub
693 3254 733 3297 eo
747 3216 906 3295 virtutem
925 3223 1140 3344 militiamque
1156 3223 1356 3313 didicerant,

273 3341 308 3419 et
328 3331 398 3423 ejus
424 3331 575 3428 exempla
601 3335 846 3429 sequebantur,
868 3332 1029 3400 maximas
1057 3355 1110 3399 res
1136 3329 1267 3423 agendo
1293 3356 1355 3426 per

271 3408 403 3506 diversa
414 3453 597 3532 terrarum,
608 3443 659 3510 sui
671 3441 867 3532 romanique
879 3439 1003 3507 famam
1014 3438 1157 3506 nominis
1170 3434 1353 3507 attollebat.

271 3542 383 3631 Quem
396 3571 500 3640 quum
518 3529 663 3616 venisset
679 3549 715 3615 in
731 3546 905 3633 Treviros,
922 3543 1077 3613 voluntas
1091 3545 1180 3638 cepit
1194 3544 1352 3613 Rhenum

269 3648 390 3719 iterum
410 3654 612 3724 transeundi.
629 3653 765 3748 Duplex
779 3651 847 3720 hue
864 3647 1013 3721 animum
1028 3648 1170 3747 urgebat
1188 3674 1303 3740 causa,
1318 3666 1353 3720 et

269 3757 360 3852 quod
388 3758 540 3829 hostibus
567 3759 711 3847 auxilia,
731 3749 810 3829 licet
835 3783 928 3847 sera,
949 3759 1223 3844 transmiserant,
1245 3770 1280 3825 et
1308 3783 1350 3827 ne

267 3861 357 3932 hosti
380 3863 475 3936 alteri
497 3865 681 3962 Ambiorigi
700 3865 852 3934 auxiliari
874 3879 1028 3985 possent,
1042 3879 1101 3932 aut
1117 3862 1161 3931 ad
1179 3889 1214 3932 se
1232 3864 1349 3959 profu·

267 3993 349 4064 gum
372 3988 551 4069 receptare.
571 3975 713 4044 Pontem
731 3998 813 4068 ergo
835 3975 908 4068 pari
928 3969 1103 4042 celeritate
1106 3972 1274 4090 ,parique
1291 3973 1350 4039 mi-

265 4073 362 4148 litum
388 4078 539 4169 fervore,
557 4093 592 4150 et
615 4065 716 4176 paulo
744 4104 846 4177 supra
871 4105 949 4150 eum
969 4077 1103 4165 locum,
1120 4077 1178 4146 ubi
1199 4079 1347 4172 primurn
