3000 5025
300 484 370 555 DE
392 484 523 555 vl‘rl
549 484 696 553 JULII
724 484 973 554 CAESARIS.
1112 479 1186 555 153

121 632 182 687 crat
200 616 412 713 complevere
434 615 628 712 planitiem,
657 616 864 687 horrendum
888 617 1038 689 hostibus
1064 632 1189 713 specta·

119 724 243 812 culum,
279 727 314 793 ni
349 724 513 811 Romani3
548 723 689 793 obsessis
716 748 801 793 *vero
828 722 1042 794 laetissimum.
1070 725 1188 819 Itaque

121 845 301 927 conspectu,
316 833 388 925 ipso
416 828 574 924 gaudium
600 844 634 899 et
653 828 832 923 gratulatio
853 831 971 923 ingens
999 831 1089 918 fieri,
1116 854 1187 925 quo

34 938 36 951 ’
120 953 279 1033 assumpta
301 936 441 1022 fiducia,
463 936 568 1030 portis
585 938 708 1031 egressi
732 938 899 1031 eruptioni
917 960 956 1005 ac
974 936 1088 1031 praelio
1100 962 1186 1032 prae·

34 1062 36 1075 ’
120 1060 279 1137 parantur.
290 1045 404 1113 Cesar
413 1042 579 1113 adomnia
591 1044 849 1142 praesentissimo
859 1044 973 1111 animo
984 1068 1061 1112 suas
1073 1047 1186 1138 copias

120 1152 267 1243 partitus,
286 1149 349 1219 lios
367 1150 458 1237 unis,
475 1149 537 1221 hos
559 1147 632 1219 aliis
653 1148 795 1241 objicit:
817 1148 949 1217 duobus
961 1151 1089 1243 magnis
1101 1176 1186 1244 prae·

120 1253 164 1325 liis
175 1281 214 1325 ea
230 1259 265 1325 in
280 1254 368 1325 valle
387 1269 549 1325 certatum
565 1269 631 1342 est,
650 1256 750 1327 tertio
763 1257 864 1323 etiam
877 1257 1015 1350 ancipiti
1028 1281 1036 1323 ε
1049 1270 1187 1350 eratque

121 1386 153 1431 eo
175 1363 323 1433 bostitun
347 1365 498 1432 incursus
519 1362 705 1449 ardentior,
719 1386 799 1456 quo
830 1386 969 1431 suorum
996 1363 1058 1431 sub
1081 1361 1188 1433 oculis

121 1470 340 1564 pugnabatur,
362 1492 425 1539 nec
442 1467 544 1539 latere
564 1469 760 1562 cujusquam
778 1471 885 1537 virtus
903 1492 966 1538 nec
984 1470 1119 1565 ignavia
1131 1494 1188 1563 po-

121 1588 212 1663 terat,
228 1590 264 1645 et
275 1590 462 1670 pugnantes
476 1590 572 1670 gestu
584 1590 619 1645 et
633 1574 836 1649 clamoribus
849 1598 889 1644 ac
900 1573 1019 1669 gallico
1028 1575 1188 1668 juvaban-

121 1695 167 1749 tur
182 1681 332 1770 ululatu3
343 1684 443 1753 tertio
456 1707 536 1752 vero
551 1707 618 1776 quo
630 1694 817 1777 pugnatum
832 1681 976 1751 diximus
990 1706 1188 1775 congressu,

121 1788 193 1857 adeo
211 1790 246 1857 in
270 1802 421 1859 extremo
442 1812 581 1859 romana
595 1814 648 1859 res
670 1790 839 1875 stetit‚·ut
858 1790 922 1857 nisi
933 1791 1053 1857 Caesar
1068 1788 1187 1857 Labie·

120 1920 190 1963 num
213 1921 294 1965 curn
316 1896 526 1983 cohortibus,
548 1909 581 1965 et
602 1895 679 1966 inde
695 1894 890 1989 eliosquein
905 1909 1056 1988 tempore
1067 1895 1191 1963 submi·

121 2002 489 2097 sisset,etipscde1num
498 2001 641 2071 mediant
653 2026 724 2073 sese
733 2004 768 2072 iu
780 2004 887 2074 aciem
901 2000 1047 2071 terrifico
1061 1992 1188 2096 inipetu

121 2110 325 2203 conjecisset,
341 2108 573 2202 labentemque
590 2133 661 2177 rem
683 2108 867 2195 firmasset,
880 2122 980 2201 atque
992 2109 1038 2177 ita
1055 2110 1190 2205 permis·

121 2216 249 2303 ruisset,
269 2229 307 2284 ut
327 2214 437 2286 nullus
455 2214 634 2286 missilibus
652 2214 859 2302 locus'csse‘t,
871 2214 930 2283 sed
945 2214 1063 2309 gladiis
1075 2216 1189 2283 omnia

119 2335 327 2415 gererentur,
359 2321 500 2415 denique
531 2321 594 2391 sub
623 2334 826 2415 quqcunqu'e
850 2321 935 2391 duce
957 2320 1039 2407 alio,
1068 2320 1134 2389 labi
1155 2336 1190 2391 et

121 2451 206 2497 ruere
226 2430 339 2499 omnia
358 2430 563 2523 potuissent:
583 2452 713 2523 magua,
721 2443 774 2497 est
782 2430 883 2501 unius
902 2429 1008 2497 virtus
1027 2428 1188 2516 hominis,

121 2558 233 2630 magna
253 2535 403 2616 ¹fortuna.
432 2535 598 2607 Omnibus
618 2521 764 2624 ‘tandein
786 2533 905 2629 praeliis
929 2536 1038 2604 victor
1059 2538 1189 2621 Caesar,

122 2642 211 2736 signis
232 2641 347 2712 multis
365 2641 562 2712 militaribus
584 2641 627 2711 ad
647 2665 682 2714 se
697 2640 831 2727 ¹inlatis,
852 2643 978 2734 ingenti
992 2653 1109 2734 :strage
1127 2641 1189 2709 ho-

122 2750 241 2818 minum
264 2748 384 2836 faeta,
399 2748 594 2819 etducib'us
614 2747 729 2848 multis
757 2748 870 2834 casis,
900 2745 1190 2841 Vergasillauuum

122 2853 319 2943 Arvernum,
336 2855 535 2936 auxiliorum
547 2855 670 2924 'ducem
691 2856 854 2940 onmium,
867 2854 984 2922 vivum
996 2855 1104 2948 oepit:
1120 2852 1191 2947 plu·

122 2962 188 3032 rimi
214 2962 398 3048 interfecti,
420 2964 519 3056 pauci
538 2961 617 3055 suga
636 2960 812 3056 elapsi32ct
832 2961 894 3032 uisi
917 2959 1038 3030 milites
1059 2963 1191 3030 romani

123 3080 205 3138 anto
227 3084 263 3139 et
284 3085 354 3146 tarn
374 3071 468 3138 vario
485 3068 599 3138 labore
621 3068 717 3139 baud
730 3068 898 3139 immerito
916 3065 1044 3161 fatigati
1061 3069 1191 3161 insequi

123 3178 354 3270 nequivissent,
368 3177 423 3244 vix
444 3175 561 3269 aliquis
571 3176 728 3252 evasisset
739 3176 881 3249 amisus
894 3188 1007 3245 mareu
1024 3176 1191 3267 equitatus

122 3296 138 3351 a
156 3285 303 3369 Casani,
326 3296 426 3353 noete
443 3281 620 3368 medie,ad
630 3281 873 3376 insequendum
891 3279 1073 3375 profugos,
1087 3305 1192 3373 quum

122 3386 247 3472 ultimos
265 3390 446 3484 attigissem
468 3387 590 3459 multos
606 3389 719 3482 capit„
737 3385 861 3458 multos
882 3386 1056 3474 interficit,
1074 3388 1193 3455 ceteri

124 3492 271 3566 basillae
294 3497 429 3567 incertis
452 3495 539 3591 fugae
556 3496 711 3590 vestigiis,
722 3496 757 3565 iu
775 3495 917 3588 putrium
938 3493 1077 3587 quisque
1096 3517 1192 3562 suam

125 3599 254 3691 abeunt,
272 3604 501 3696 ‚nuntiantque
525 3625 600 3696 quae
629 3601 799 3674 viderant·
809 3602 855 3668 At
871 3600 1118 3686 obsessi;·omni
1129 3623 1191 3693 spe
1309 3625 1313 3632 ·

127 3723 333 3804 consumpta,
349 3724 382 3778 et
403 3709 484 3802 quid
506 3723 624 3802 agant,
634 3707 723 3802 ,quid
736 3705 880 3777 *consilii
893 3706 1047 3800 capiunt,
1065 3707 1192 3800 ignari,

32 3825 34 3900 ξ
126 3810 174 3880 tali
193 3815 335 3886 tandein
349 3816 632 3917 Vercingetorigis
642 3815 801 3890 :oratione
819 3813 1121 3907 firmantur..Ego,
1141 3813 1193 3880 in·

32 3925 34 3980 l
127 3921 204 4009 quit,
230 3924 327 3992 Deos
358 3941 476 3992 omnes
497 3937 621 4009 testor,
652 3921 777 3992 bellum
800 3920 866 3990 doc
890 3943 962 3990 noa
991 3943 1102 4006 meoe,
1129 3920 1197 3989 sed

32 3991 34 4070 l
119 4025 260 4120 publicoe
270 4029 432 4102 utilt'tatis
440 4028 717 4098 considerandae
727 4034 881 4122 suscepi,
898 4025 1191 4120 egtqtoefideb'ter,

125 4128 195 4202 dum
211 4141 319 4230 potui
330 4136 447 4228 :fatis
461 4135 742 4218 adversantibus,
762 4158 832 4204 rem
853 4157 1054 4228 aggressio,
1069 4157 1191 4233 euper-
