3000 5025
261 495 566 564 INTERPRES
594 493 831 564 GRAECUS.
860 496 958 564 LIB.
987 496 1079 566 vll.
1138 491 1209 592 527
1295 581 1300 585 ἡ

128 619 350 718 ε’κφοόηθώσιν.
369 630 480 693 Ταῦτα
511 626 565 718 μὲν
599 623 650 694 οὖν
682 627 868 704 ἀκούσαντες
894 627 922 693 οἱ
956 627 1077 710 ἱππεῖς,
1098 627 1212 706 πάντες

128 727 514 819 ουνεόόησαν,’ὀσιωτάτῳ
546 723 608 800 δεῖν
628 731 819 824 ψηφίσασθαι
839 736 941 826 ὅρκῳ,
970 736 1011 825 μὴ
1041 743 1153 802 τοῦτον
1182 739 1212 801 ἐν

129 839 203 926 οἴκῳ
223 831 386 931 δέχεσθαι,
402 843 481 932 μη’τε
496 841 581 927 αὐτῷ
596 841 666 906 οὔτε
680 841 756 932 πρὸς
772 840 843 918 τοὺς
860 844 972 908 ἑαυτοῦ
986 832 1118 923 παῖδας,
1133 847 1212 934 μήτε

126 947 203 1038 πρὸς
223 947 295 1025 τοὺς
309 953 423 1041 γονεῖς,
438 948 517 1038 μήτε
530 971 565 1041 γε
582 971 606 1012 π
626 948 658 1024 ὀς
672 949 729 1021 τὴν
744 953 877 1041 γυναῖκα
890 939 1010 1015 εἴσοδον
1031 943 1128 1031 εἶναι,
1143 953 1208 1026 όςις

129 1057 162 1121 οὐ
185 1045 233 1130 δὶς
253 1045 308 1120 διὰ
328 1053 422 1146 μέσης
441 1063 497 1130 τῆς
516 1059 578 1119 τῶν
597 971 747 1145 θωμαίων
767 1053 925 1148 φάλαγγος
945 1045 1105 1120 διελάσειε.

164 1162 325 1229 LXVII.
357 1161 485 1230 Τοότων
514 1161 567 1252 μὲν
597 1156 647 1226 οὖν
680 1150 858 1242 δοξάντων,
887 1159 1013 1228 πάντων
1046 1185 1081 1226 τε
1113 1164 1212 1228 ταυτό

127 1267 241 1358 ὀμόσαι
255 1265 530 1361 ἀναγκασθέντων,
548 1275 594 1360 τῇ
610 1265 739 1359 ὑς-εραίᾳ
757 1272 881 1359 τριχῇὴ
901 1268 995 1346 ἵππος
1019 1258 1064 1332 διε
1091 1265 1213 1359 ερίσθη,

128 1372 181 1439 καὶ
204 1374 236 1440 αἱ
253 1374 307 1466 μὲν
331 1365 388 1440 δάο
405 1372 561 1467 φάλαγγες
589 1374 624 1439 ἐκ
651 1379 712 1438 τῶν
733 1363 790 1439 δύο
808 1374 948 1467 πλαγίων
973 1382 1038 1452 τοῖς
1060 1294 1213 1466 θωμαέοις

128 1480 313 1572 προσῆλθον·
330 1487 349 1555 ἡ
367 1471 397 1545 δ’
412 1480 503 1572 ἑτέρα
523 1481 558 1545 ἐκ
572 1481 721 1571 ,μετώπου
738 1490 795 1557 τῆς
818 1471 894 1547 ὀδοῦ
915 1482 1027 1557 αὐτοὺς
1043 1478 1212 1547 ἀπεκώλυε.

128 1589 251 1655 Τούτου
273 1579 311 1652 δὲ
333 1595 379 1674 τῷ
397 1585 531 1678 Καίσαρι
557 1584 773 1680 ἀγγελθέντος,
791 1588 884 1665 αὐτὸς
904 1590 961 1660 τὴν
990 1591 1103 1654 ἑαυτοῦ
1119 1589 1213 1655 ἵππον

128 1704 223 1788 τριχῇ
247 1695 425 1768 ἐποιήσατο.
454 1694 577 1760 Τούτου
608 1684 643 1758 δὲ
672 1693 852 1786 γενομένου,
867 1692 1018 1760 πάντοθεν
1038 1694 1105 1786 άμα
1127 1694 1213 1787 μάχη

128 1801 261 1893 ἐγένετο·
286 1801 445 1892 κατέμεινε
470 1799 523 1890 μὲν
542 1797 639 1891 γὰρὴ
663 1807 725 1866 τῶν
754 1784 904 1892 Ῥωμαίων
932 1794 1073 1895 φάλαγξ,
1092 1801 1144 1868 καὶ
1173 1799 1215 1867 τὰ

129 1907 303 1998 σκευοφόρα
325 1907 457 1998 ἐνμέσῳ
486 1911 548 1972 τῶν
574 1904 745 1999 ταγμάτων
765 1905 1032 1999 συνηθροίσθησαν·
1052 1906 1077 1974 εἰ
1101 1899 1138 1973 δέ
1155 1934 1214 1975 που

131 2014 202 2090 τοὺς
221 2017 334 2080 ἑαυτοῦ
362 2010 519 2094 πονεῖν,ἢ
543 2011 672 2106 ἰσχυρῶς
700 2011 760 2079 ὑπὸ
790 2023 853 2079 τῶν
882 2012 1037 2106 πολεμίων
1063 2006 1216 2092 πιέζεσθαι

129 2122 230 2210 ὁρῴη,
245 2125 263 2186 ὀ
277 2123 419 2211 Καῖσαρ,
435 2117 567 2184 ἐνταῦθα
582 2117 625 2184 τά
642 2143 677 2186 τε
693 2126 824 2210 σημεῖα,
838 2118 890 2187 καὶ
906 2122 962 2193 τὴν
978 2124 1125 2215 φάλαγγα
1143 2120 1226 2188 ίέναῖ
1295 2197 1299 2202 v

132 2226 277 2293 ἐκέλευεν·
302 2224 318 2292 ὀ
338 2223 481 2302 καὶτοὺς
507 2223 689 2316 πολεμίους,
704 2235 763 2293 τοῦ
789 2228 832 2317 μὴ
857 2218 1004 2292 δύνασθαι
1025 2219 1215 2310 ἐπιδιώκειν,

131 2333 307 2414 ἀπεκώλυε,
324 2330 376 2398 καὶ
394 2338 458 2410 τοῖς
480 2316 634 2424 Ῥωμαίοις
658 2323 773 2399 ελπίδα
794 2327 934 2411 όοηθείας
955 2331 1035 2400 ἐνίει.
1059 2337 1156 2412 Τελος
1185 2327 1216 2399 δ’

132 2438 322 2533 ἀγχωμάλου
341 2438 391 2506 ἐπὶ
414 2439 492 2506 πολὺ
515 2448 572 2516 τῆς
602 2437 703 2531 μάχης
722 2441 941 2534 γεγενημένης,
958 2439 987 2506 οἱ
1011 2440 1160 2533 Γερμανοὶ
1183 2443 1217 2507 ἐκ

133 2558 189 2613 τοῦ
209 2538 310 2637 δεξιοῦ
332 2544 465 2639 πλαγίου
490 2548 584 2636 λόφον
604 2543 675 2611 τινὰ
693 2541 945 2624 καταλαόόντες,
961 2548 1034 2624 τοὺς
1052 2547 1217 2639 πολεμίους

132 2650 275 2745 έτρεψαν·
300 2654 353 2720 καὶ
367 2654 478 2729 αὐτοὺς
491 2650 531 2728 εἰς
551 2650 647 2745 φυγὶιν
664 2654 876 2743 ἁρμόσαντας,
895 2655 1000 2745 μέχρις
1019 2652 1070 2719 ἐπὶ
1083 2655 1139 2720 τὸν
1157 2680 1217 2720 πο-

131 2762 248 2852 ταμὸν,
264 2764 340 2829 όπου
360 2758 412 2825 σὺν
433 2766 473 2851 τῇ
487 2750 594 2851 πεζικῇ
610 2750 737 2850 δυνάμει
750 2755 818 2830 ἦνό
837 2754 1096 2853 Βερκιγγέτορυξ,
1116 2786 1216 2827 κατα-

133 2858 316 2950 διώξαντες,
330 2868 369 2933 τό
387 2872 513 2942 πλεῖς-ον
534 2867 634 2931 αὐτῶν
655 2855 837 2957 διέφθειραν·
853 2863 924 2930 ἔνθα
944 2858 984 2939 δη
1002 2866 1030 2933 οἱ
1048 2867 1153 2934 λοιποὶ
1173 2872 1215 2956 μὴ

12 3046 22 3070 Γ,
132 2973 331 3055 κυκλωθεῖεν,
344 2966 545 3062 φοόηθέντες,
560 2970 600 3048 εἰς
621 2972 719 3065 φυγὴν
738 2971 791 3038 καὶ
806 2972 894 3038 αὐτοὶ
912 2975 1068 3066 ὥρμησαν·
1084 2976 1217 3042 ἐνταῦθα

12 3066 27 3167 ἶ
133 3073 169 3147 δὲ
184 3082 279 3158 πολὺς
297 3080 399 3147 ἵππων
418 3105 469 3160 τε,
487 3077 539 3145 καὶ
554 3071 672 3171 ἀνδρῶν
689 3080 809 3171 ἐγένετο
828 3079 935 3168 φόνος,
952 3086 1032 3171 τρεῖς
1048 3105 1082 3146 τε
1098 3084 1216 3176 εὐγενέ-

133 3213 228 3265 ςατοι
253 3174 379 3263 Εδουεῑς
402 3188 431 3251 έν
463 3195 503 3277 τῇ
527 3194 607 3278 φυγῇ
635 3184 875 3269 συλληφθέντες,
893 3185 969 3276 πρός
994 3190 1049 3255 τὸν
1072 3188 1216 3283 Καίσαρα

133 3293 329 3386 ἀπήχθησαν·
345 3300 468 3383 πρῶτος
487 3291 540 3383 μὲν
556 3293 676 3372 Κότυς,
694 3292 896 3386 ὀίππαρχος,
910 3289 942 3371 ὀς
961 3294 1036 3386 πρὸς
1054 3294 1109 3361 τὸν
1124 3297 1215 3388 Κομ-

14 3472 27 3509 ρ,
132 3396 352 3473 όικτολιτάνην
382 3400 411 3463 ἐν
444 3404 513 3475 ταῖς
539 3397 633 3493 ὀλίγῳ
659 3397 789 3489 πρόσθεν
815 3399 1020 3493 ἀρχαιρεσίαις
1044 3397 1215 3482 ε’ςασίαζεν·

23 3499 27 3507 ’
133 3498 276 3600 δεύτερος
295 3498 330 3573 δὲ
349 3499 594 3598 ὀΚαραόιλλος,
606 3504 638 3583 ὀς
655 3504 735 3597 μετὰ
749 3509 807 3581 τὴν
821 3516 879 3572 τοῦ
897 3501 1068 3573 Λιταόίκοο
1082 3509 1145 3576 ἀπὸ
1160 3520 1218 3577 τοῦ

133 3613 290 3707 Καίσαρος
309 3612 480 3695 ἀπόςασιν,
496 3622 536 3705 τῇ
553 3623 614 3679 τῶν
634 3597 776 3680 Τεδουέων
794 3606 901 3707 πεζικῇ
925 3604 1053 3705 δυνάμει
1069 3615 1215 3691 ἐπεςάθη·

133 3720 239 3811 τρίτος
259 3711 362 3787 δὲκαὶ
380 3725 396 3786 ὀ
411 3704 625 3811 Επορέδορυξ,
640 3716 675 3784 οὗ
689 3717 774 3809 σφίσι
785 3729 1016 3813 ςρατηγοῢντος
1030 3720 1124 3815 ὀλίγῳ
1138 3724 1216 3817 πρό-

134 3827 202 3894 σθεν
218 3826 245 3893 οἱ
263 3812 389 3904 Εδουεῖς
406 3826 481 3917 πρὸς
500 3826 572 3903 τοὺς
592 3826 739 3903 Σεκανοὺς
760 3827 814 3893 τὸν
836 3827 970 3919 πόλεμον
985 3830 1216 3904 ἐπεποιήκεσαν.

19 4004 20 4013 ,
189 3935 349 4003 LXVIII.
373 3934 532 4026 Φυγοόσης
551 3924 639 4010 δ’ὡς
662 3929 780 4024 εἴρηται
806 3934 906 4012 πάσης
928 3944 984 4011 τῆς
1003 3942 1069 4002 1τῶν
1089 3936 1217 4005 Γάλλων

17 4025 27 4136 I
133 4044 252 4125 ἵππου,
267 4038 324 4114 τήν
348 4044 460 4106 ἑαυτοῦ
486 4037 617 4129 ςρατιόιν
643 4043 658 4105 ὀ
683 4040 736 4131 μὲν
760 4034 1015 4134 Βερκιγγέτορυξ,
1038 4041 1074 4116 ἢν
1098 4045 1132 4110 ἐκ
1160 4054 1218 4112 τοῦ

136 4139 334 4242 ςρατοπέδου
365 4140 532 4240 ἐξάγαγεν,
559 4146 633 4213 τότε
660 4144 744 4222 εὐθὺς
763 4146 884 4241 ἀπῆγε·
912 4151 995 4239 ταχύ
1025 4174 1060 4215 τε
1090 4150 1130 4228 εἰς
1160 4154 1218 4225 τὴν
1246 4236 1250 4242 .
