3000 5025
310 510 385 593 [410
607 504 644 573 C.
672 500 819 573 JULII
847 498 1085 572 CAESARIS

365 642 425 709 Vl.
446 640 547 708 Τοῦτο
568 630 602 708 δέ
624 644 661 709 τὸ
681 646 783 708 αὐτῶν
808 639 872 717 έθος
890 641 979 734 γνοὺς
999 645 1016 706 ὁ
1035 641 1231 731 Καῖσαρ,μὴ
1246 628 1377 729 φούερω·

311 748 390 840 τέρῳ
409 756 465 814 τοῦ
482 748 628 827 ένςοίντος
648 749 777 840 ἐμπέσοι
797 747 942 839 πολέμῳ,
960 748 1130 838 ταχύτερον
1150 756 1207 822 τῆς
1230 742 1380 820 συνηθείας

313 853 363 921 ἐπὶ
381 856 437 927 τὴν
457 852 586 948 ςρατιάν
608 858 757 948 ὥρμησεν·
782 852 913 920 ἐνταῢθά
933 878 969 919 τε
987 854 1251 947 παραγενόμενος,
1268 846 1289 916 ἃ
1304 852 1380 940 συμ-

313 954 458 1034 ἀήσεσθοιι
475 963 729 1051 προύπετύπησε,
740 954 963 1053 συμύεύηκύτα
978 949 1041 1033 ήδη
1057 956 1223 1050 κατέμαθε.
1238 950 1382 1048 Πρέσύεις

310 1068 387 1159 πρὸς
402 1068 473 1145 τοὺς
486 1068 658 1162 Γερμανοὺς
667 1070 719 1137 ὑπ’
732 1065 816 1133 ἐνίων
826 1077 883 1144 τῆς
893 1064 1050 1144 Γαλατίας
1064 1065 1182 1133 πόλεων
1195 1064 1383 1137 ἱκετεύοντας
1427 1094 1434 1107 ·
1483 1113 1484 1130 .

313 1174 445 1259 αὐτοὺς,
459 1174 522 1243 ἀπὸ
536 1184 594 1242 τοῦ
605 1159 704 1251 Ρήνου
720 1174 841 1243 ἀπιέναι
851 1172 922 1258 ,καὶ
935 1173 961 1241 εἰ
974 1183 1078 1241 ταῦτα
1092 1173 1268 1254 ποιήσειαν,
1282 1168 1384 1236 πάντα
1483 1213 1484 1222 1

315 1282 439 1362 αὐτοῖς’,
451 1276 472 1346 ἀ
485 1275 663 1365 ύούλοιντο,
673 1278 759 1373 παρὰ
769 1290 853 1372 σφῶν
868 1279 987 1348 ἔσεσθαι
999 1279 1243 1371 ὑποσχομένους,
1252 1274 1385 1366 πεμφθῆ-
1483 1321 1484 1340 .

312 1410 372 1452 ναι·
382 1388 484 1481 ταύτῃ
499 1378 535 1454 δὲ
550 1388 728 1466 πεισθέντας
740 1397 781 1481 τῇ
790 1378 894 1456 ἐλπίδι
907 1388 979 1465 τοὺς
992 1387 1163 1478 Γερμανοὺς
1174 1388 1292 1475 μᾶλλον
1306 1380 1386 1473 εὐρύ-
1483 1407 1484 1476 ρ

312 1492 430 1577 νεσθαι,
441 1493 493 1560 καὶ
507 1493 548 1572 εἰς
563 1497 692 1569 τὴντῶν
705 1480 885 1588 Εύουρύνων
897 1519 950 1577 τε,
960 1493 1012 1561 καὶ
1024 1503 1087 1560 τῶν
1096 1483 1385 1583 Κονδρούσων,ὑπὸ
1483 1503 1484 1552 ι

293 1606 296 1613 “
312 1608 377 1677 τοῖς
391 1596 544 1694 Τρευίροις
565 1601 677 1686 ὅντων,
693 1605 796 1694 χώραν
813 1592 876 1675 ήδη
896 1600 1066 1692 ἀφικέσθαι.
1081 1598 1162 1676 Τοὺς
1182 1597 1235 1690 μὲν
1256 1590 1306 1663 οὖν
1327 1600 1385 1661 τῶν
1484 1637 1485 1668 ;

313 1706 440 1774 Γάλλων
455 1713 471 1775 ὁ
489 1709 611 1802 Καῖσαρ
626 1710 816 1804 συγκαλέσας
833 1704 1007 1801 ἀρχοντας,
1021 1706 1159 1800 κρυπτέα
1173 1699 1195 1769 ἀ
1208 1702 1300 1795 έμσιθε
1311 1701 1384 1793 ἡγύ·

291 1820 297 1829 ”
313 1812 392 1879 ’σατο
410 1810 495 1881 εἶναι·
511 1811 591 1881 ἀλλά
610 1816 844 1909 παραθαρρύνας
861 1817 993 1897 αὐτοὺς,
1007 1814 1119 1889 ἱππέας
1135 1836 1171 1877 τε
1186 1812 1320 1886 πολλοὺς
1334 1809 1383 1873 ε’π·

315 1919 474 2013 αγγειλας,
484 1923 560 2014 πρὸς
570 1924 624 1989 τὸν
639 1920 723 1991 κατὰ
732 1932 795 1987 τῶν
808 1923 971 2015 Γερμανῶν
985 1920 1120 2011 πολεμον
1131 1909 1384 2011 παρεσκεύαζετο.

364 2028 443 2096 VII.
459 2027 523 2095 Καὶ
540 2029 594 2095 τὸν
615 2032 731 2122 ςρατὸν
752 2035 792 2106 ὡς
811 2026 931 2120 τοίχιςα
944 2025 1204 2117 ἐπισιτισάμενος,
1222 2023 1336 2100 ἱππέας
1352 2043 1384 2084 τε

315 2134 387 2210 τοὺς
415 2133 539 2226 ἀρίςους
567 2129 707 2219 ἐκλέξας,
727 2136 779 2204 ἐπὶ
805 2142 877 2212 τοὺς
897 2134 1069 2228 Γερμανούς
1088 2133 1261 2225 ἐπορεύετο.
1283 2130 1385 2194 Αὐτοῦ

311 2230 342 2305 δ’
360 2237 469 2333 ὀλίγων
494 2233 706 2334 ήμερῶνύδὸν
730 2244 786 2309 ἀπ’
811 2245 912 2308 αὐτῶν
940 2240 1128 2332 ἀπέχοντος,
1146 2230 1287 2331 πρέσύεις
1312 2228 1383 2325 πρὸς

314 2346 408 2441 αὐτὸν
426 2348 479 2413 ὑπ’
498 2347 615 2414 ἐκείνων
635 2348 852 2441 ἐπέμφθησαν,
866 2350 1008 2441 λέγοντες
1026 2336 1115 2413 τάδε·
1132 2344 1174 2409 Οἱ
1192 2344 1247 2437 μὲν
1267 2343 1383 2435 Γερμα-

311 2451 383 2535 νοὶ,
397 2454 540 2547 Καῖσαρ,
554 2461 619 2532 τοῖς
644 2440 797 2547 Ρωμαίοις
817 2454 962 2548 πρότεροι
980 2454 1034 2521 τὸν
1053 2453 1189 2544 πολεμον
1210 2452 1267 2518 οὐκ
1284 2445 1383 2537 ἐπιφέ-

318 2583 417 2653 ρομεν·
433 2560 486 2628 τὸν
504 2561 639 2653 πολεμον
655 2553 686 2627 δ’
696 2566 796 2655 ὅμως,
810 2561 836 2628 εἰ
850 2567 933 2654 ὑμεῖς
950 2559 1153 2654 προκαλεῖτε,
1167 2561 1202 2625 οὐ
1217 2552 1384 2650 παραιτού-

317 2664 404 2758 μεθα·
432 2665 517 2759 παρὰ
546 2668 599 2760 μὲν
633 2668 691 2762 γὰρ
718 2675 781 2735 τῶν
807 2669 962 2761 ἡμετέρων
990 2666 1148 2759 προγόνων
1174 2657 1383 2753 παρελοίύομεν

311 2779 378 2851 τοῖς
402 2775 455 2840 τὸν
480 2774 616 2868 πολεμον
642 2774 812 2842 ἀποίσουσιν
842 2774 997 2864 ἀντέχειν,
1022 2775 1102 2864 μήτε
1120 2773 1252 2848 τούτους
1269 2771 1382 2841 καθικε-

313 2880 420 2947 τεύειν·
444 2889 577 2948 τοσοῦτο
600 2873 630 2946 δ’
648 2883 730 2974 ὅμως
745 2906 794 2948 σοι
809 2881 957 2975 λέγομεν,
972 2885 1013 2957 ὡς
1029 2881 1066 2945 ἐκ
1084 2887 1141 2956 τῆς
1159 2878 1311 2971 ἡμετέρας
1329 2880 1383 2948 ὑπὸ

315 2993 377 3053 τῶν
393 2987 541 3053 ·Σουεύων
569 2981 761 3066 ἐξωσθέντες
775 2977 943 3079 πατρίδος,
957 2976 1058 3052 ἐνθάδ’
1080 2988 1203 3076 ἥκομεν·
1227 2983 1253 3050 εἰ
1279 2975 1383 3060 δὲτὴν

317 3093 470 3185 ἡμετέραν
489 3093 590 3183 φιλίαν
610 3095 638 3160 οἱ
657 3079 796 3186 Ρωμαῖοι
811 3093 970 3185 αἱρήσετε,
985 3082 1141 3184 δυναίμεθ’
1161 3085 1198 3156 ἀν
1216 3094 1287 3179 ὑμῖν
1309 3092 1384 3183 φίλοι
1485 3154 1486 3159 ,

319 3196 370 3265 καὶ
388 3200 548 3291 σύμμαχοι
567 3202 712 3293 χρήσιμοι
724 3199 875 3294 γενέσθαιὲ
888 3199 958 3266 ἀλλ’
976 3196 995 3272 ἢ
1013 3198 1087 3292 ύμῖν
1100 3202 1203 3290 χώραν
1218 3187 1291 3281 δὸς,
1304 3197 1323 3273 ἦ
1338 3197 1384 3265 καὶ

316 3303 352 3378 ἢν
368 3308 475 3383 ὅπλοις
502 3297 564 3382 ήδη
588 3307 778 3400 κεκτήμεθα,
792 3308 869 3398 ἔχειν
896 3307 1071 3399 συγχύρει.·
1083 3289 1179 3397 Ημεῖς
1199 3303 1303 3395 μόνοις
1324 3305 1384 3382 τοῖς

314 3412 473 3497 Σουεύοις,
488 3409 531 3492 οἷς
550 3404 616 3481 οὐδ’
632 3409 667 3480 ἀν
682 3413 771 3482 αὐτοὶ
791 3405 934 3480 δύναιντο
951 3412 979 3479 οἱ
992 3411 1053 3479 θεοὶ
1066 3410 1220 3488 ίσοπαλεῖς
1234 3411 1383 3503 γενέσθαι,

313 3516 486 3613 ὑπείκομεντ
507 3516 595 3588 ἀλλοι
615 3512 645 3585 δ’
665 3522 780 3600 ούτινες
799 3519 855 3587 εἰσὶ
870 3519 1007 3602 θνητῶν,
1028 3516 1211 3612 ὧν,κρατεῖν
1230 3520 1266 3582 ού
1284 3507 1384 3584 δυναί-

222 3695 225 3708 ,
314 3623 402 3718 μεθα.
417 3626 459 3691 Οἱ
476 3628 529 3719 μὲν
548 3624 598 3695 σύν
618 3630 715 3704 οὕτως
734 3622 829 3695 εἷπον.

360 3733 465 3801 ’ἮΠ
485 3734 691 3826 Πρὸςταῢτοι
706 3725 736 3800 δ’
751 3739 768 3800 ὁ
782 3735 904 3827 Καῖσαρ
930 3731 974 3799 τὰ
997 3735 1082 3817 αὐτῷ
1105 3721 1244 3808 δόξαντα
1264 3726 1383 3821 ἀπεκρί·
1485 3766 1486 3773 1

311 3864 398 3906 νατο·
419 3845 435 3906 ὁ
455 3830 490 3906 δὲ
511 3842 626 3918 σκοπὸς
648 3851 704 3908 τοῦ
718 3841 816 3937 λύγου
830 3844 916 3926 αὐτῷ
935 3840 1073 3934 ἐγένετο,
1085 3843 1125 3915 ὡς
1141 3828 1271 3928 οὐδεμία
1290 3841 1383 3922 ἐαυτῷ
1485 3838 1486 3917 ᾖ

317 3945 393 4036 πρὸς
418 3947 490 4025 τοὺς
510 3948 536 4012 Γ
537 3949 699 4041 ερμανοὺς,
717 3950 748 4014 ἐν
770 3945 977 4042 τῇΤαλατίσρ
998 3942 1117 4012 ἐκείνων
1143 3935 1382 4035 διατριύύντων,
1485 4038 1486 4041 ¹

312 4051 443 4128 ῦυθθύκη
464 4052 565 4145 φιλίας
586 4057 697 4124 έσοιτο·
715 4056 770 4124 ούκ
790 4056 915 4149 εὔλογον
935 4050 994 4148 γὰρ
1011 4051 1096 4119 τοῦθ’
1111 4055 1197 4136 αὐτῷ
1212 4047 1380 4139 φαίνεσθαι,
1485 4098 1486 4103 ,

312 4159 351 4224 τὸ
370 4161 517 4238 τοὺςτήν
532 4173 614 4255 σφῶν
632 4163 734 4231 αὐτῶν
754 4153 894 4253 πατρίδα
912 4159 1033 4252 ῥύεσθαι
1049 4160 1094 4251 ’μὴ
1112 4147 1380 4239 δυνηθένταςςαλ·
1485 4216 1486 4243 ,
