3000 5025
314 528 388 600 322
689 515 1023 588 PLUTARCHI'

310 655 433 753 πέμψαι
444 646 650 742 βαδιζόντων,
662 657 678 719 ό
692 652 841 745 Κικέρων·
859 677 877 716 ι(
894 642 1079 745 Σπεύδωμεν
1091 644 1201 745 (ἐφη),
1212 651 1284 745 πρὶν
1297 652 1402 750 φθάσῃ
1466 723 1469 730 ,

316 797 334 833 ιι
353 776 409 843 τῆς
427 760 571 839 ὑπατείας
588 752 715 838 ἐξελθὼν
731 764 748 826 ό
767 755 935 852 ἄνθρωπος.
953 788 971 824 η
989 744 1069 827 Επεὶ
1090 748 1126 826 δέ
1141 760 1179 827 τὸ
1197 761 1404 856 φύσειψμεγα-

308 871 438 967 λουργθν
454 872 550 937 αὐτοῦ
563 866 615 934 καὶ
626 867 788 959 φιλότιμον
803 866 835 933 αἱ
845 865 959 933 πολλαὶ
968 866 1170 959 κατορθώσεις
1185 870 1219 934 ού
1228 868 1306 960 πρὸς
1323 868 1402 935 άπό·

309 988 417 1049 λαυσιν
433 978 558 1070 ἔτρεπον
579 981 641 1041 τῶν
665 973 901 1065 πεπονημένων,
919 974 989 1040 αλλ’
1008 967 1193 1066 ὑπέκκαυμα
1213 974 1265 1041 καὶ
1288 973 1403 1069 θάρσος

311 1084 400 1157 οὖσαι
417 1084 492 1175 πρὸς
511 1075 553 1149 τά
570 1082 740 1175 μελλοντα,
755 1072 897 1173 μειζόνων
918 1081 1072 1151 ἐνέτικτον
1095 1080 1228 1159 ἐπινοίας
1249 1081 1403 1176 πραγμά-

310 1218 390 1273 των,
405 1189 456 1257 καὶ
471 1198 575 1267 καινῆς
589 1190 690 1281 ἔρωτα
704 1178 812 1271 δόξης,
826 1193 866 1266 ὡς
880 1188 1121 1280 ἀποκεχρημένῳ
1137 1195 1179 1282 τῇ
1191 1190 1348 1283 παρούσῃ·
1364 1190 1402 1257 τέ

311 1300 365 1393 μὲν
379 1295 476 1376 πάθος
490 1284 577 1364 οὐδὲν
592 1291 629 1367 ἦν
646 1292 797 1387 ίτερον,ἢ
814 1286 904 1373 ζῆλος
921 1294 1040 1377 άυτοῢ,
1056 1289 1193 1387 καθάπερ
1216 1291 1335 1375 άλλου,
1351 1296 1404 1363 καὶ

311 1401 478 1498 φιλονεικία
490 1428 541 1481 τις
553 1402 629 1494 ὑπὲρ
643 1408 707 1468 τῶν
720 1400 895 1493 μελλόντων
909 1402 986 1493 πρὸς
1001 1398 1044 1467 τὰ
1059 1402 1273 1496 πεπραγμένα.
1288 1402 1403 1495 Παρα·

311 1513 401 1585 σκευὴ
419 1501 455 1576 δὲ
471 1507 523 1576 καὶ
536 1510 661 1604 γνώμη,
678 1509 836 1601 ςρατεύειν
860 1509 914 1602 μὲν
929 1507 980 1576 ἐπὶ
998 1504 1141 1603 Πάρθους
1152 1506 1181 1593 ¹,
1195 1503 1403 1601 καταςρεψα-

311 1620 392 1711 μένῳ
407 1608 442 1683 δὲ
457 1616 607 1703 τούτους,
621 1614 674 1682 καὶ
689 1606 730 1681 δι’
744 1599 893 1708 Ῠρκανίας
907 1612 993 1709 παρὰ
1009 1614 1068 1684 τὴν
1081 1613 1228 1683 Κασπίαν
1242 1614 1404 1684 θάλασσαν

310 1722 363 1793 καὶ
376 1721 430 1791 τόν
443 1724 608 1791 Καύκασον
621 1721 844 1815 ἐκπεριελθόντι
855 1718 869 1806 [
881 1718 955 1807 τὸν]
970 1722 1107 1806 Πόντον,
1119 1721 1160 1800 εἰς
1174 1722 1231 1796 τήν
1247 1720 1401 1808 Σκυθικὴν

312 1825 465 1925 ἐμύαλεῖν·
487 1828 539 1898 καὶ
563 1826 606 1895 τὰ
631 1829 789 1922 περίχωρα
818 1826 1003 1921 Γερμανοῖς,
1027 1828 1080 1897 καὶ
1108 1827 1279 1923 Γερμανίαν
1303 1832 1402 1905 αύτλν

312 1927 533 2031 ἐπιδραμόντι,
552 1927 606 2002 διὰ
628 1936 758 2003 Κελτῶν
779 1934 951 2002 ἐπανελθεῖν
971 1934 1012 2013 είς
1032 1920 1181 2019 Ῐταλίαν,
1198 1934 1250 2003 καὶ
1265 1934 1402 2027 συνάψαι

312 2046 366 2111 τὸν
384 2045 495 2110 κύκλον
518 2052 631 2110 τοῦτον
656 2051 713 2120 τῆς
732 2040 896 2135 ἡγεμονίας
917 2050 964 2129 τῷ
981 2040 1175 2133 πανταχόθεν
1196 2026 1332 2130 Ὠκεανῷ
1348 2068 1402 2111 πε·

315 2146 518 2244 ριορισθείσης.
534 2146 592 2215 Διέε
605 2146 698 2239 μίσου
712 2138 748 2214 δὲ
765 2157 821 2226 τῆς
833 2147 978 2241 ςρατείας
991 2149 1045 2215 τόν
1055 2174 1091 2215 τε
1105 2146 1273 2243 Κορινθίων
1287 2134 1401 2242 Ῑσθμὸν

313 2253 459 2348 ἐπεχείρει
484 2246 727 2340 διασκάπτειν’,
744 2242 873 2327 Ᾰνιηνὸν
902 2254 952 2322 ἐπὶ
981 2257 1086 2342 τούτῳ
1111 2255 1429 2349 προχειρισάμενος,’

314 2360 365 2429 καὶ
374 2359 428 2428 τόν
438 2354 560 2454 Τίύεριν
576 2358 660 2439 εὐθὺς
674 2361 737 2427 άπὸ
751 2370 809 2438 τῆς
820 2362 940 2439 πόλεως
948 2356 1112 2429 ύπολαύὼν
1129 2353 1258 2456 διώρυχι
1277 2362 1402 2452 βαθείᾳ,

314 2467 366 2536 καὶ
384 2466 570 2562 περικλάσας
592 2465 641 2534 ἐπὶ
656 2469 693 2535 τὸ
712 2466 877 2562 Κιρκαῖον,
895 2462 1038 2562 ἐμύαλεῖν
1058 2466 1098 2547 εἰς
1113 2471 1170 2544 την
1184 2468 1261 2562 πρός
1275 2472 1402 2565 Ταρρα-

314 2573 380 2669 κίνῃ
399 2571 576 2658 θάλατταν,
593 2571 761 2665 ἀσφάλειαν
778 2576 844 2668 ἅμα
866 2573 919 2642 καὶ
945 2579 1084 2669 ρᾳςύνην
1107 2583 1173 2656 τοῖς
1195 2567 1238 2642 δι’
1253 2577 1402 2672 ἐμπορίας

314 2689 460 2774 φοιτῶσιν
477 2680 518 2758 εἰς
535 2665 647 2773 θύμην
663 2683 893 2773 μηχανώμενος·
916 2685 991 2775 πρὸς
1016 2673 1051 2749 δὲ
1075 2685 1200 2760 τούτοις
1212 2678 1256 2750 τέι
1271 2685 1328 2776 μὲν
1347 2687 1400 2759 ἐλη

315 2785 358 2856 τὰ
373 2787 442 2880 περὶ
454 2787 701 2880 Πωμέντιονκαὶ
711 2772 841 2862 Σύειονί
852 2785 1014 2882 ἐκτρέψας,
1025 2780 1131 2857 πεδίον
1145 2780 1311 2868 ἀποδεῖξαι
1324 2798 1401 2859 πολ-

314 2900 383 2971 λαῖς
397 2893 515 2985 ἐνεργὸν
530 2892 694 2986 ἀνθρώπων
706 2894 841 2987 μυριάσπ
850 2906 892 2991 τῇ
906 2887 937 2961 δ’
949 2897 1061 2992 ἔγγιςα
1070 2907 1126 2975 τῆς
1134 2881 1245 2989 Ῥώμης
1261 2896 1399 2993 θαλάσσῃ

316 2999 438 3092 κλεῖθρα
451 2990 505 3066 διὰ
518 3001 673 3092 χωμάτων
688 3002 874 3096 ἐπαγαγὼν,
888 2993 994 3070 καὶτὰ
1006 2999 1174 3094 τυφλοὶκαὶ
1188 2994 1334 3097 δύσορμα
1348 3014 1401 3083 τῆς

317 3089 455 3182 Ωςιανῆς
471 3106 569 3182 ἠϊόνος
583 3105 850 3200 ἀνακαθηράμενος
860 3160 870 3193 ,
881 3111 1007 3201 λιμένας
1025 3110 1248 3202 ἐμποιήσασθαι
1264 3110 1320 3178 καὶ
1336 3113 1400 3178 ναύ·

314 3217 397 3304 λοχα
420 3211 496 3304 πρὸς
522 3213 678 3286 τοσαύτην
701 3206 850 3292 ἐξιόπιςα
874 3215 1042 3284 ναυτιλίαν.
1070 3215 1135 3284 Καὶ
1161 3225 1267 3284 ταῦτα
1294 3219 1350 3311 μὲν
1370 3221 1398 3285 ἐν

316 3325 521 3413 παρασκευαῖς
542 3325 589 3390 ἠν.

371 3427 463 3494 LIX.
480 3408 510 3490 H
525 3415 561 3491 δὲ
574 3433 630 3491 τοῦ
643 3425 844 3519 ἡμερολογίου
860 3410 1011 3511 διάθεσις,
1022 3425 1074 3495 καὶ
1090 3419 1248 3523 διόρθωσις
1262 3439 1321 3509 τῆς
1334 3427 1399 3522 περὶ

319 3533 372 3600 τὸν
396 3532 504 3624 χρόνον
532 3531 727 3623 ἀνωμαλίας,
752 3535 989 3626 φιλοσοφηθεῖσα
1015 3537 1181 3628 χαριέντως
1203 3538 1257 3604 ὑπ’
1286 3541 1399 3618 αύτοιῖ,

318 3637 369 3706 καὶ
389 3639 477 3716 τελος
489 3632 648 3721 λαθοῦσα,
661 3640 908 3735 γλαφυρωτάτην
923 3642 1058 3734 παρέσχε
1072 3641 1187 3736 χρείαν.
1203 3645 1251 3710 Ού
1266 3641 1326 3739 γάρ
1343 3641 1398 3736 μό·
1485 3694 1487 3735 ,

1485 3743 1486 3769 ί

318 3857 444 3908 consulatu
468 3874 574 3908 somnum
592 3875 641 3908 non
656 3855 748 3910 viderit.
763 3858 836 3913 Suet.
880 3871 1054 3926 ne‚etc.,nou
1060 3860 1397 3932 prosperiorioeoeitexitu.

321 3940 367 4006 76.
671 4007 673 4010 Ι
726 3931 728 3938 ’
923 3941 950 3994 3.
974 3941 1109 4011 Πωμύτιον
1124 3941 1168 3995 καί
1184 3942 1279 3999 Σητίαν
1298 3939 1398 3995 restitui

362 4033 385 4070 1.
403 4015 490 4080 Crassi
502 4014 604 4070 cladem
615 4015 729 4072 ultuma.
881 4020 987 4073 volebat
994 4018 1182 4088 ssezskmde
1190 4019 1397 4095 conjiciendum,

362 4095 477 4162 2.‚Qu0d
486 4109 616 4150 tentatum
623 4099 703 4152 etiam
716 4100 749 4151 ab
763 4098 836 4166 aliis,
881 4098 916 4152 de
931 4099 1093 4155 exsiccandis
1111 4103 1233 4159 Pontiniu
1254 4099 1394 4176 paludibus·

319 4175 438 4231 Demetr.
454 4177 584 4245 Folium..
601 4179 737 4252 Caligula,
747 4180 838 4236 Nero·
881 4181 1014 4236 Canem
1026 4183 1161 4255 mgimoe.
