3000 5025
330 489 401 557 DE
427 487 558 557 VITA
583 490 732 559 JULII
761 489 1007 561 CAESARIS:
1145 494 1217 570 231

134 622 248 692 ritiam
272 618 384 716 aliqua
411 646 452 691 ex
485 636 581 716 parte
603 637 856 718 compesceret,
889 639 1024 695 centum
1053 632 1225 731 sestertios

132 729 294 825 dispersit
304 730 340 801 in
357 727 514 826 singulos.
533 728 629 799 Idem
649 730 690 799 de
705 755 766 801 sua
780 732 922 825 pecunia
935 731 1014 814 fecit
1029 747 1066 807 et
1081 736 1224 811 Faustus

132 835 243 931 Sylla:
268 850 303 908 ct
325 838 483 930 quoniam
503 838 550 909 sic
563 839 697 910 retineri
716 862 786 907 non
804 853 979 932 poterant,
1000 840 1057 911 hic
1079 848 1223 917 cumeis

131 945 230 1015 Jubae
246 946 283 1017 in
301 968 443 1040 regnum
457 946 521 1017 iter
536 946 690 1039 arripuit3
706 959 873 1023 venerunt
885 961 962 1041 post
972 946 1035 1017 hos
1054 947 1109 1018 alii
1123 965 1224 1045 atque

131 1048 188 1121 alii
220 1054 258 1119 in
285 1052 399 1147 praelio
425 1052 608 1147 fugientes,
633 1078 718 1148 quos
746 1078 864 1128 omnes
887 1053 931 1123 ad
960 1054 1100 1125 tutelam
1128 1059 1224 1131 urbis

132 1158 306 1245 hortatus,
319 1185 424 1255 quum
438 1161 553 1254 paucis
565 1158 740 1237 consilium
755 1158 899 1255 placere,
912 1176 947 1229 et
966 1162 1128 1255 majorem
1146 1189 1222 1258 par-¹

133 1279 203 1335 tem
221 1266 314 1361 fugae
328 1267 439 1339 studio
453 1266 599 1339 deditam
617 1266 765 1355 videret,
783 1290 886 1337 naves
904 1270 952 1337 eis
970 1268 1013 1337 ad
1025 1267 1223 1363 fugiendum

132 1395 357 1468 quocumque
367 1374 518 1446 libuisset
532 1372 682 1468 praebuit.
694 1374 845 1444 Tandem
859 1399 941 1444 vero
956 1375 1056 1446 rebus
1067 1377 1226 1466 omnibus

131 1496 265 1573 quanto
285 1483 394 1575 quivit
412 1482 600 1557 accuratius
619 1480 803 1576 dispositis,
818 1479 997 1576 liberisque
1018 1485 1088 1553 suis
1100 1487 1140 1556 L.
1149 1487 1221 1562 (1ae-

131 1590 221 1676 sari,
243 1590 304 1683 qui
326 1603 409 1661 tunc
433 1590 464 1660 ei
481 1603 627 1682 quaestor
642 1604 738 1677 erat,
755 1614 816 1683 per,
838 1588 940 1660 fidem
962 1591 1115 1666 amicitiae
1130 1618 1221 1665 com-

133 1695 323 1784 mendatis,
334 1694 426 1769 nulla
438 1699 596 1790 cuiquam
609 1720 652 1765 ne
664 1695 728 1768 levi
739 1694 875 1790 quidem
887 1696 1047 1766 horrendi
1059 1700 1223 1796 propositi

132 1803 330 1897 suspicione
344 1804 441 1891 data,
470 1802 566 1873 uultu
583 1818 618 1873 et
632 1827 787 1876 sermone
805 1800 904 1871 solito
921 1818 955 1873 et
970 1803 1150 1898 tranquillo
1165 1832 1222 1877 cu·

131 1908 246 1981 bitum
277 1912 364 1999 ivit,
391 1934 572 2005 secumque
601 1912 636 1981 in
656 1909 850 1982 cubiculum
878 1925 912 1979 et
933 1909 1081 1982 Platonis
1101 1910 1224 1984 librum

129 2015 425 2089 immortalitatem
438 2020 557 2090 animae
567 2020 809 2106 continentem,
816 2016 914 2087 simul
928 2032 962 2087 et
975 2016 1124 2111 gladium
1136 2018 1222 2089 clam

17 2190 20 2199 ,
131 2124 294 2214 invexit;
320 2124 462 2195 alterum
490 2151 556 2221 quo
575 2127 662 2195 mori
683 2124 803 2213 vellet3
823 2123 965 2193 alterurn
989 2150 1057 2219 quo
1085 2141 1222 2220 posset:

131 2228 226 2301 lecto
249 2233 354 2325 igitur
369 2233 412 2305 ad
430 2232 601 2303 lucernam
622 2232 729 2321 libro,
748 2233 860 2327 quoad
880 2232 943 2302 sibi
959 2230 1100 2307 lectione
1118 2232 1221 2303 firmi-

130 2354 242 2411 tatem
274 2336 376 2411 auimi
397 2343 612 2435 assumpsisse
632 2342 724 2417 visus
744 2355 796 2409 est
810 2394 820 2427 ,
832 2406 836 2415 ,
843 2336 1018 2435 paululum
1040 2339 1223 2427 subticuit,

16 2488 17 2554 ᾗ
131 2462 210 2520 tum
241 2446 372 2544 gladio,
392 2474 492 2544 quem
509 2448 551 2518 ad
569 2447 663 2520 illum
680 2447 788 2536 hem,
804 2461 843 2516 ut
858 2448 969 2534 aiunt,
986 2448 1221 2543 incorruptum

131 2558 176 2625 ab
196 2558 294 2625 omni
307 2557 397 2629 caede
414 2571 621 2644 servaverat,
635 2557 671 2625 in
686 2558 834 2649 seipsum
848 2556 982 2641 stricto,
994 2568 1112 2648 pectus
1124 2553 1221 2642 illud,

131 2663 231 2761 quod
248 2667 442 2734 constantiae
456 2663 619 2758 templum
638 2662 774 2757 aliquod
780 2661 985 2746 habebatur,
1003 2662 1139 2753 gemino
1154 2660 1225 2733 vul·

130 2797 220 2846 nere
232 2772 381 2842 confixit.
402 2771 524 2865 Aliquo
544 2770 659 2841 forsan
680 2769 804 2842 iudicio
821 2767 1007 2862 experrecti
1033 2767 1153 2837 medici
1173 2781 1222 2841 at·
1257 2802 1262 2809 ·

132 2904 205 2974 que
229 2880 352 2968 amici,
383 2878 426 2948 ad
447 2876 632 2954 thalamum
654 2877 869 2970 introgressi,
892 2872 1040 2951 remedia
1063 2873 1223 2950 adhibere

133 2988 338 3057 vulneribus
359 2987 421 3055 nisi
438 3000 538 3073 sunt,
559 2984 650 3079 quod
671 2982 726 3082 ille
748 3007 844 3076 aequo
871 2980 947 3058 tulit
969 2982 1104 3067 anima,
1126 2995 1166 3050 ut
1187 3005 1223 3057 sc

131 3097 178 3165 ab
199 3095 337 3164 illorum
355 3095 530 3166 vexatione
549 3091 713 3162 liberaret.
734 3091 796 3163 His
812 3089 985 3184 digressis,
1004 3101 1038 3156 et
1057 3086 1147 3168 ferro
1159 3142 1170 3176 ,
1182 3102 1222 3166 ut

134 3227 310 3298 auguror,
333 3200 462 3287 ablato,
483 3201 626 3272 surrexit
648 3197 703 3268 ille
723 3199 860 3285 iterum,
880 3211 914 3264 et
935 3192 1089 3273 revelatis
1109 3196 1223 3272 rescis-

134 3314 251 3405 sisque
264 3308 478 3395 vulneribus,
496 3308 624 3402 ingenti
642 3307 740 3400 copia
757 3305 928 3400 sanguinis
946 3305 1221 3395 insecuta,gene·

135 3443 258 3488 rosum
271 3418 425 3512 spiritum
440 3439 543 3488 manu
555 3415 709 3498 extrusit3
724 3437 826 3507 quam
835 3425 980 3486 nortem
991 3410 1119 3486 Seneca
1129 3409 1222 3477 miris

136 3526 250 3596 modis
266 3523 396 3611 laudat,
411 3524 446 3592 in
460 3521 612 3593 eamdem
630 3523 700 3616 ipse
713 3543 847 3614 quoque
862 3517 1062 3591 sententiam
1076 3539 1202 3610 pronus
1210 3541 1224 3604 3

136 3635 263 3704 Cicero
286 3646 400 3701 autem
422 3643 579 3716 excusat,
595 3629 803 3723 Augustinus
820 3625 944 3695 rectius
959 3637 995 3694 et
1004 3622 1172 3717 vituperat
1188 3636 1222 3697 et

137 3754 299 3827 accusat3
322 3737 457 3807 etmihi
474 3761 612 3832 prorsus
631 3737 679 3805 sio
694 3733 836 3803 videtur.
856 3733 943 3805 Cato
960 3731 1074 3823 magni
1091 3752 1224 3823 semper

140 3861 175 3916 et
196 3848 399 3933 constantis,
418 3844 476 3914 sed
498 3847 532 3912 in
554 3843 643 3927 fine,
663 3843 690 3912 si
711 3841 754 3914 do
775 3854 868 3912 tanto
890 3839 964 3908 viro
986 3835 1079 3930 loqui
1091 3836 1222 3923 ausim,

139 3953 321 4025 inconsulti
340 3954 611 4049 praecipitisque,
633 3963 683 4036 et,
705 3962 744 4016 ut
762 3945 999 4033 veredicum,
1020 3944 1099 4012 vani
1121 3944 1225 4015 animi

139 4063 225 4132 fuit:
247 4086 327 4132 nam
340 4115 350 4150 ,
364 4075 403 4128 ut
423 4062 470 4129 ait
485 4057 621 4155 quidam
639 4057 784 4150 scriptor
801 4053 973 4148 egregius,
991 4053 1078 4120 Cato
1093 4049 1227 4124 videtur

138 4195 278 4243 causam
300 4169 491 4264 quaesivisse
513 4164 698 4251 moriendi,
723 4187 794 4234 nun
824 4174 905 4235 tam·
920 4174 961 4232 ut
971 4161 1148 4234 Caesarem
1173 4157 1225 4232 fu·

992 4279 1064 4361 15⁴
1186 4352 1191 4360 „
