3000 5025
350 447 421 515 DE
448 448 576 516 VITA
602 449 749 519 JULII
778 450 1022 522 CAESARIS.
1178 480 1222 551 7¹

160 582 281 652 Sueviae
295 582 330 649 in
347 580 535 668 medio,cx
550 584 641 651 omni
663 582 810 677 undique
831 586 983 677 regione,
1003 584 1229 675 confluerent,

158 690 199 759 ihi
212 692 379 757 Caesarem
398 702 631 783 expectarent,
649 690 786 784 acieque
802 691 1029 785 confligerent
1044 695 1158 762 Caesar
1170 708 1238 763 au·'

159 811 235 883 tem,
254 819 358 889 quare
381 809 493 863 tamen
511 798 639 885 nescio,
663 796 720 866 sed
747 798 869 891 opinor
889 813 1021 867 tantum
1047 800 1159 869 virum
1182 800 1229 869 nil

156 904 220 972 sine
235 916 329 971 certa
347 904 476 972 ratione
493 902 656 991 voluisse,
678 918 856 974 contentus
869 906 905 974 in
920 930 1065 1000 praesens
1082 906 1230 977 adventu

157 1035 213 1079 suo
234 1010 344 1079 Ubios
363 1008 536 1079 obsidione
553 1009 723 1099 liberasse3
743 1035 783 1081 ac
804 1012 914 1107 reipsa
940 1012 1124 1083 ostendisse
1145 1017 1230 1085 Ger·

156 1119 275 1204 manis,
291 1116 402 1185 Rheni
420 1117 561 1187 nansitu
583 1120 772 1206 Romanos,
795 1144 904 1213 neque
926 1134 1019 1188 metu
1038 1144 1147 1214 neque
1167 1122 1230 1191 dil·

154 1220 299 1293 ficultlate
323 1224 513 1319 prohiberi,
538 1227 715 1318 quominus
740 1240 775 1294 et
801 1228 914 1295 amicis
934 1226 1045 1295 ferant
1073 1252 1171 1321 opem
1197 1243 1232 1297 et

154 1330 305 1399 hostibus
325 1330 504 1418 ultionem,
525 1355 595 1399 non
616 1333 679 1401 nisi
710 1332 827 1401 decem
858 1348 935 1403 octo
957 1333 1074 1403 diebus
1094 1337 1177 1404 actis
1198 1336 1232 1402 in

156 1439 352 1524 Germania,
377 1437 475 1505 rediit
492 1439 527 1507 in
544 1436 684 1527 Gallias3
703 1454 907 1535 pontemque
927 1454 1003 1534 post
1018 1455 1152 1536 tergum
1167 1441 1231 1510 fre·

154 1546 217 1639 git,
239 1569 284 1611 ne
308 1544 351 1625 ab
373 1544 524 1615 hostibus
542 1544 761 1640 frangeretur.

205 1652 447 1721 Crescentibus
468 1652 503 1721 in
530 1652 599 1721 dies
622 1652 716 1722 bellis
738 1668 838 1747 atque
864 1651 1041 1746 periculis,
1062 1653 1233 1725 crescebat

155 1756 251 1826 simul
271 1757 367 1827 ducis
389 1760 536 1845 animus,
559 1773 594 1827 et
608 1761 741 1847 attritu,
759 1757 852 1827 velut
871 1782 1009 1846 aurum,
1030 1759 1234 1852 splendidior

155 1862 274 1951 fiebat,
292 1890 404 1959 quove
422 1864 497 1959 plus
518 1864 773 1954 difficultatum,
792 1889 834 1933 eo
856 1880 890 1933 et
911 1864 986 1959 plus
1004 1867 1074 1959 spei
1088 1879 1169 1934 erat.
1192 1868 1233 1935 ln

156 1971 311 2041 omnibus
333 1971 467 2065 quidem
497 1970 609 2060 bellis,
637 1998 711 2068 quae
737 1998 799 2068 per
822 1996 899 2039 eum
924 1973 959 2038 in
981 1971 1097 2040 Galliis
1129 1972 1171 2040 ad
1200 1973 1233 2042 id

156 2092 288 2173 ternpus
311 2092 405 2172 gesta
427 2093 538 2167 erant,
569 2076 669 2148 niissa
698 2079 851 2148 hostibus
880 2077 999 2146 auxilia
1021 2102 1041 2146 a
1067 2081 1235 2148 Britannis

157 2198 364 2280 agnoverat:
389 2185 422 2253 id
447 2186 623 2280 indignans
645 2186 688 2255 ad
708 2208 767 2255 eos
787 2188 836 2254 ire
855 2184 1040 2278 disposuit:
1063 2200 1098 2254 et
1117 2210 1234 2279 qnam-

158 2294 205 2362 vis
226 2306 415 2361 extremum
434 2292 503 2385 jam
523 2306 654 2387 tempus
676 2308 763 2362 esset
784 2293 919 2379 aestatis,
938 2316 1011 2385 quac
1031 2289 1094 2360 illis
1120 2294 1154 2360 in
1183 2317 1234 2361 re·

158 2399 312 2493 gionibus
341 2413 480 2495 propter
500 2400 656 2469 viciniam
677 2398 924 2495 septemtrionis
944 2411 996 2468 est
1013 2399 1164 2483 brevior,
1192 2422 1236 2467 uc

158 2506 235 2601 quid
256 2522 371 2576 tamen
386 2508 482 2576 otiosi
503 2508 661 2602 temporis
679 2522 810 2602 ageret,
832 2503 947 2599 insulae
968 2521 1091 2574 statum
1110 2531 1235 2574 mores-

37 2638 38 2653 *
158 2639 222 2708 que
242 2616 420 2684 hominum
443 2613 615 2708 explorare
638 2617 761 2684 statuit.
787 2611 889 2702 Quod
910 2637 1032 2705 quum,
1049 2635 1157 2704 neque
1174 2637 1239 2706 per

36 2746 37 2775 t
159 2745 357 2790 communes
375 2719 506 2808 Gallos,
528 2722 647 2816 quibus
662 2721 737 2789 loca
757 2718 813 2787 illa
833 2717 984 2786 nondum
1002 2715 1102 2810 plana
1123 2733 1236 2808 erant,

160 2851 267 2923 neque
287 2853 349 2922 per
370 2841 572 2898 mercatores
590 2830 699 2922 ips0S,
715 2829 772 2920 qui
789 2849 858 2893 nou
874 2825 937 2892 nisi
954 2821 1101 2892 littoreas
1115 2837 1238 2914 terras,

160 2959 281 3030 easque
293 2957 363 3004 non
374 2959 506 3023 omnes,
521 2934 579 3004 sed
597 2949 728 3003 tantum
746 2931 862 3002 Galliae
880 2932 1070 3025 oppositas,
1085 2929 1236 3020 adibant,

160 3066 229 3112 non
252 3042 327 3111 fieri
347 3055 475 3136 posset3
496 3043 616 3111 Caium
634 3039 842 3110 Volusenum
857 3061 1016 3108 unacum
1032 3036 1238 3132 longanavi,

160 3172 219 3236 eo,
237 3148 321 3242 quid
340 3173 439 3242 agere
460 3147 540 3217 velit
568 3147 797 3234 admonitum,
817 3147 866 3214 ire
891 3145 1015 3238 jubet:
1040 3159 1075 3213 et
1096 3145 1237 3238 cognitis

159 3253 223 3325 illis
245 3280 320 3350 quae
337 3257 495 3350 cognosci
508 3269 663 3350 possent,
680 3269 850 3322 maturum
861 3250 916 3320 ille
928 3251 1070 3321 reditum
1084 3253 1236 3345 imperat.

161 3363 196 3432 Is
216 3362 260 3434 ad
282 3387 360 3432 eum
379 3364 496 3457 quiinto
518 3361 571 3430 die
600 3361 698 3430 rediit
724 3386 795 3428 nou
822 3383 941 3447 amus,-
971 3372 1010 3426 ut
1030 3357 1176 3444 dicebat,
1203 3358 1238 3424 in

163 3481 287 3538 terram
309 3469 443 3564 egredi,
470 3493 579 3562 neque
611 3493 645 3538 se
673 3467 750 3536 fidei
778 3466 998 3536 barbarorum
1028 3463 1184 3552 credere,
1204 3478 1239 3532 et

165 3589 294 3648 tantum
313 3578 457 3646 exterius
473 3577 545 3645 visa
567 3576 769 3644 renuntians.
789 3577 871 3642 Haec
891 3575 938 3641 ita
959 3572 1146 3642 communis
1166 3572 1238 3664 qui-

165 3681 238 3752 dem
258 3683 363 3754 habet
383 3683 545 3753 historia:
568 3682 676 3752 habeo
695 3697 808 3750 tamen
826 3705 896 3750 non
910 3676 1071 3774 ignobiles
1085 3691 1240 3748 auctores

168 3792 220 3884 qui
238 3793 407 3862 Caesarem
427 3815 488 3884 per
511 3791 656 3884 seipsum
677 3803 794 3883 portus
815 3802 850 3855 et
863 3785 1126 3880 navigationem,
1138 3799 1171 3854 et
1184 3809 1238 3853 ac-

168 3921 293 3968 cessum
315 3899 359 3968 ad
381 3895 523 3966 insulam
548 3896 734 3991 explorasse
753 3895 969 3981 confirment;
991 3891 1081 3986 quod
1101 3906 1139 3960 ut
1168 3915 1240 3962 cre·

167 4003 197 4076 di
217 4020 353 4101 posset,
375 4006 446 4098 ipse
464 4004 557 4072 ducis
569 4006 697 4074 animus
716 4003 810 4091 facit,
822 4016 857 4071 et
870 3998 1067 4089 similislaliis
1087 3999 1120 4067 in
1140 3999 1240 4067 rebus

165 4114 311 4188 audacia.
330 4115 500 4183 Caeterum
515 4135 573 4182 seu
587 4122 647 4205 ‘per
661 4109 781 4199 alium,
795 4133 853 4178 seu
869 4131 931 4202 per
943 4132 978 4177 se
992 4107 1150 4201 cognitis,
1167 4127 1241 4199 quae

1022 4226 1067 4310 gl
