3000 5025
304 456 380 530 320
680 454 990 525 PLUTARCHI

296 592 348 661 καὶ
377 590 497 684 τόλμαν
524 560 799 683 ἀποδεικνυμένους
825 583 991 681 ἀξιόχρεων
1018 588 1094 681 πρὸς
1117 588 1304 683 ἠγεμονίαν,
1326 593 1389 668 ὥςε

295 690 435 767 κίνδυνον
450 700 498 785 τῷ
511 694 646 790 Καίσαρι
658 704 825 789 περιςῆοαι
838 696 893 764 τὸν
907 696 1051 787 ἔσχατον.
1067 678 1097 761 Η
1113 686 1148 762 δέ
1163 694 1282 791 μεγάλη
1299 694 1386 789 μάχη

296 805 363 899 περὶ
383 804 473 873 πόλιν
495 804 606 882 σονίςη
628 794 795 888 Μοῦνδαν,
809 805 840 871 ἐν
860 800 882 877 τί
900 804 1023 896 Καῖσαρ
1041 796 1274 896 ἐκθλιίίομίνους
1310 809 1389 896 ὁρῶν

296 914 369 990 τοὺς
390 916 519 995 ἑαυτοῦ,
533 911 586 977 καὶ
604 918 705 989 κακῶς
725 911 930 1002 ἀντέχοντας,
943 904 1019 977 ἐθόα
1040 899 1096 975 διὰ
1116 919 1179 977 τῶν
1199 912 1307 977 ὅπλων
1338 909 1389 977 καὶ
1467 933 1471 940 ’

181 1074 183 1077 .
296 1029 359 1087 τῶν
375 1012 491 1097 τάξεων
510 1008 658 1103 διαθίων,
677 1009 814 1109 είμηδέν
833 1008 995 1085 αἰδοῦνται
1006 1010 1158 1104 λαύόντις
1176 1019 1270 1084 αὐτὸν
1287 1018 1388 1111 ἐγχει-

297 1124 377 1219 ρίσαι
390 1132 456 1203 τοῖς
469 1116 644 1218 παιδαρίοις
653 1120 675 1190 ¹.
689 1122 790 1203 Μόλις
806 1116 841 1190 δέ
851 1122 1007 1217 προθυμίᾳ
1019 1128 1121 1219 πολλῇ
1136 1124 1209 1201 τοὺς
1222 1123 1389 1216 πολεμίους

297 1231 467 1325 ὠσάμενος,
480 1232 599 1300 ἐκείνων
615 1231 668 1325 μὶν
682 1231 758 1324 ὑπὲρ
773 1232 969 1325 τρισμυρίους
983 1223 1149 1324 διέφθειρε,
1163 1236 1227 1297 τῶν
1243 1222 1274 1297 δ’
1291 1236 1389 1299 αὑτοῦ

295 1337 410 1431 χιλίους
431 1339 570 1407 ἀπώλεσε
584 1339 657 1417 τοὺς
671 1336 827 1431 ἀρίςους”.
842 1327 950 1406 Ᾰπιέον
967 1329 1002 1404 δὲ
1021 1333 1102 1431 μετὰ
1118 1340 1174 1413 τὴν
1192 1336 1299 1431 μάχην
1313 1340 1389 1432 πρὸς

295 1452 368 1524 τοὺς
387 1444 491 1537 φίλους
509 1438 608 1529 εἶπεν,
623 1450 663 1525 ὡς
682 1444 833 1525 πολλάκις
851 1445 906 1538 μὲν
925 1441 1113 1540 ἀγωνίσαιτο
1131 1444 1200 1537 περὶ
1215 1444 1322 1528 νίκης,
1337 1456 1387 1512 νῦν

295 1542 331 1619 δὲ
343 1563 466 1646 πρῶτον
481 1553 551 1645 περὶ
565 1550 675 1645 ψυχῆς.
694 1555 821 1628 Ταύτην
840 1550 898 1627 την
913 1549 1016 1647 μάχην
1038 1550 1154 1625 ἐνίκησε
1170 1560 1212 1646 τῇ
1235 1558 1302 1619 τῶν
1318 1554 1388 1621 Διο-

294 1657 402 1725 νυσίων
423 1665 515 1755 ἑορτῇ
525 1645 550 1743 ³,
570 1659 639 1727 καθ’
658 1660 694 1735 ἣν
706 1662 833 1755 λέγεται
850 1659 903 1727 καὶ
921 1662 1086 1753 Πομπηίος
1105 1659 1234 1753 Μάγνος
1255 1658 1309 1727 ἐπὶ
1334 1659 1386 1728 τόν

294 1767 429 1860 πόλεμον
448 1761 587 1845 ἐξελθεῖν·
609 1758 663 1834 διά
676 1770 772 1859 μέσου
786 1759 822 1834 δὲ
835 1768 944 1861 χρόνος
962 1769 1107 1834 ἐνιαυτῶν
1124 1764 1281 1858 τεσσάρων
1302 1758 1389 1841 διῆλ-

294 1872 336 1939 θε.
352 1877 423 1941 Τῶν
438 1865 474 1941 δὲ
494 1869 661 1966 Πομπηίου
681 1866 803 1941 παίδων
827 1880 845 1941 ὁ
865 1874 921 1967 μὲν
942 1878 1088 1967 νεώτερος
1112 1863 1248 1967 διέφυγε·
1271 1884 1333 1941 τοῦ
1352 1865 1386 1941 δὲ

293 1974 502 2075 πρεσύυτέρου
523 1979 590 2073 μεθ’
603 1982 717 2073 ἡμέρας
733 1980 840 2075 ὀλίγας
853 1968 978 2059 Δίδιος4
997 1982 1141 2075 ἀνήνεγκε
1159 1982 1218 2054 τὴν
1236 1984 1385 2072 κεφαλήν.

294 2088 413 2153 Τοῦτον
433 2088 565 2179 ἔσχατον
580 2088 702 2181 Καῖσαρ
718 2085 889 2181 ἐπολέμησε
903 2089 958 2155 τὸν
972 2089 1119 2180 πόλεμον·
1134 2092 1151 2154 θ
1167 2074 1197 2151 δ’
1215 2086 1272 2155 ἀπ’
1288 2091 1386 2156 αὐτοῦ

292 2192 458 2285 καταχθεὶς
475 2188 645 2287 θριάμύος,
665 2200 705 2271 ὡς
722 2186 812 2261 οὐδὲν
826 2189 921 2277 ἄλλο,
940 2180 1100 2288 Ρωμαίοος
1112 2191 1246 2268 ἠνίασεν.
1261 2197 1312 2260 Οὐ
1326 2194 1384 2291 γὰρ

291 2300 482 2389 ἀλλοφύλους
497 2300 667 2394 ἡγεμόνας,
681 2292 755 2367 ούδέ
779 2295 953 2395 ύαρύάρους
976 2301 1130 2386 βασιλεῖς,
1148 2303 1384 2395 κατηγωνισμέ-

290 2430 365 2487 νον,
386 2398 496 2499 άνδράς
518 2398 553 2473 δέ
568 2390 716 2499 Ρωμαίων
741 2406 907 2502 κρατίςου,
927 2412 1009 2503 τύχη
1033 2408 1243 2501 κεχρημένου,
1267 2400 1383 2486 παῖδας

290 2511 342 2579 καὶ
364 2514 449 2608 γένος
472 2504 569 2608 ἀρδην
594 2513 793 2608 ἀνῃρηκότα,
818 2524 886 2595 ταῖς
906 2525 963 2595 τῆς
983 2508 1135 2609 πατρίδος
1162 2517 1382 2607 ἐπιπομπεύειν

290 2627 459 2712 συμφοραῖς
482 2625 517 2687 ού
542 2626 644 2698 καλῶς
662 2615 758 2712 εἶχεν,
783 2621 993 2716 ἀγαλλόμενον
1017 2621 1068 2690 ἐπὶ
1091 2624 1235 2704 τούτοις,
1258 2619 1302 2688 ὧν
1330 2621 1382 2715 μία

291 2726 342 2792 καὶ
362 2724 437 2819 πρός
459 2727 543 2805 θεοὺς
556 2726 608 2794 καὶ
626 2725 704 2819 πρός
716 2727 894 2820 ἀνθρώπους
912 2729 1087 2824 ἀπολογία,
1107 2727 1145 2796 τό
1160 2730 1230 2820 μετ’
1244 2725 1381 2823 ἀνάγκης

290 2833 475 2927 πεπρᾶχθαι·
492 2833 544 2900 καὶ
557 2835 837 2928 ταῦτα,πρότερον
854 2837 929 2928 μήτ’
938 2831 1085 2930 ἀγγελον,
1099 2839 1177 2928 μήτε
1190 2834 1381 2929 γράμματα,

290 2931 427 3032 δημοσίᾳ
453 2925 643 3032 πέμψαντα5
658 2939 728 3032 περὶ
751 2942 837 3019 νίκης
862 2939 924 3009 ἀπὸ
951 2952 1014 3009 τῶν
1040 2941 1193 3036 ἐμφυλίων
1215 2945 1380 3036 πολέμων,

250 3031 253 3042 ’
290 3045 359 3112 ἀλλ’
380 3047 582 3138 ἀπωσάμενον
600 3046 727 3141 αἰσχύνη
751 3050 809 3121 τὴν
826 3039 933 3125 δόξαν.

344 3153 456 3222 LVII.
471 3155 518 3218 Οὐ
533 3156 592 3245 μὴν
608 3148 752 3221 ἀλλὰκαὶ
766 3155 843 3246 πρὸς
858 3156 916 3229 τὴν
930 3157 1028 3247 τύχην
1047 3163 1105 3222 τοῢ
1118 3145 1230 3246 ἀνδρὸς
1244 3159 1380 3250 ἐγκεκλι·

289 3259 394 3340 κότες,
409 3259 460 3326 καὶ
482 3249 661 3354 δεδεγμένοι
679 3258 733 3328 τόν
756 3261 897 3352 χαλινὸν,
915 3261 1045 3328 καὶτῶν
1062 3261 1216 3353 ἐμφυλίων
1236 3266 1377 3355 πολέμων

289 3368 341 3432 καὶ
359 3373 460 3432 κακῶν
476 3365 630 3441 ἀναπνοὴν
646 3369 809 3462 ἡγούμενοι
829 3369 886 3440 την
912 3367 1099 3460 μοναρχίαν,
1122 3359 1307 3462 δικτάτωρα
1326 3370 1377 3462 μέν
1437 3447 1441 3453 .

289 3473 383 3540 αὐτὸν
398 3464 561 3550 ἀπέδειξαν
577 3465 631 3540 διὰ
647 3473 724 3558 βίου.
739 3477 843 3540 Τοῦτο
859 3464 934 3547 δ’ἧν
950 3477 1181 3570 ὁμολογουμένη
1196 3477 1253 3568 μὲν
1268 3501 1376 3570 τυραν-

286 3577 348 3662 νὶς,
361 3587 408 3666 τῷ
426 3579 620 3667 ἀνυπευθύνῳ
635 3589 692 3658 τῆς
707 3575 875 3673 μοναρχίας
890 3583 927 3648 τό
946 3581 1172 3660 ἀκατάπαυςον
1187 3578 1378 3675 προσλαύού-

287 3711 353 3765 οης.
364 3679 465 3776 Τιμάς
479 3677 515 3752 δὲ
528 3682 586 3765 τάς
598 3689 724 3779 πρώτας
738 3689 912 3782 Κικέρωνος
923 3687 965 3767 εἰς
979 3692 1036 3764 τάν
1052 3691 1165 3774 βουλὴν
1180 3686 1375 3784 γράψαντος,

330 3887 423 3942 1.Cn.
439 3897 467 3940 et
482 3885 551 3940 Sext,
569 3887 723 3960 Pompeius.
854 3889 962 3942 bantur.
976 3889 1042 3942 Vid.
1058 3884 1139 3943 Ovid.
1156 3885 1227 3944 Fast'.
1240 3909 1296 3956 111,
1313 3889 1373 3961 713.

330 3987 356 4021 ι.
370 3969 449 4020 Λυσι.
465 3967 499 4020 de
514 3968 580 4021 Bell.
590 3967 666 4040 Hisp.
680 3967 724 4020 31.
896 3975 923 4032 ό.
941 3969 1051 4024 Οεαεοπίο
1065 3968 1141 4024 classi
1150 3971 1303 4042 proefectus.

329 4048 355 4100 3.
371 4047 495 4100 Liberalia
511 4049 566 4102 εοέΙ.
576 4086 585 4115 ,
596 4047 625 4101 id
640 4059 692 4114 est,
706 4048 805 4101 Libero
898 4049 923 4103 5.
941 4047 1047 4122 vulgat.
1061 4051 1271 4124 πέμψαιειιιιιίιο
1282 4049 1375 4103 melius'

286 4128 359 4182 Patri
369 4147 450 4182 sacra.
464 4147 511 4183 ενι
528 4130 575 4184 cal.
595 4128 671 4200 april.
687 4130 807 4183 celebra·
855 4130 1001 4200 πέμψαντα.
1079 4143 1082 4150 ·
