3000 5025
331 460 403 515 110
549 438 578 505 J.
607 437 765 505 CELSI
788 435 1187 509 COMMENTARII

324 568 523 641 Aduaticam
545 569 639 639 brevi
658 567 742 639 calle
762 571 973 664 perveniunt.
998 571 1119 642 Cicero
1139 573 1195 641 cui
1217 571 1356 667 legionis
1366 566 1418 645 lo·

324 680 421 771 cique
441 676 591 747 custodia
606 678 784 747 commissa
799 692 888 764 erat,
900 679 980 750 totis
992 692 1121 772 septem
1135 679 1252 749 diebus
1268 682 1418 751 Caesarei

324 808 455 854 memor
472 785 619 878 imperii,
642 808 720 853 suos
742 809 860 853 omnes
878 787 965 853 intra
981 782 1108 853 vallum
1123 787 1170 864 sic
1189 801 1360 875 tenuerat,
1376 804 1420 858 ut

325 916 387 961 nec
409 888 551 967 militurn
573 915 636 959 nec
658 889 815 967 calonum
836 891 972 985 quidem
992 893 1168 987 quisquam
1188 895 1306 970 castris
1326 910 1418 965 esset

324 1023 496 1093 egressus:
512 1000 663 1093 cogitans
684 997 822 1067 demum
839 1022 949 1092 neque
969 1000 1137 1069 Caesarem
1152 1002 1318 1095 promisso
1335 1026 1419 1070 ren·

324 1119 438 1175 turum
457 1120 628 1199 tempore,
649 1129 749 1199 quem
768 1107 968 1200 processisse
987 1104 1127 1191 ulterius
1146 1106 1237 1194 lama
1257 1122 1350 1177 erat:
1367 1110 1417 1177 in·

213 1268 230 1291 ,
321 1237 426 1307 super
444 1227 478 1282 et
496 1236 633 1313 suorum
655 1213 938 1307 increpationibus
960 1210 1142 1308 impulsus,
1155 1216 1214 1308 qui
1228 1211 1316 1299 illius
1336 1215 1416 1293 obe

323 1317 482 1389 dientiam
505 1333 573 1388 tam
598 1332 749 1399 exactam
776 1320 1000 1415 desperationi
1025 1334 1125 1414 atque
1154 1320 1319 1402 obsidioni
1340 1348 1422 1399 nou

323 1424 508 1497 absimilem
530 1426 772 1515 numerabant3
793 1453 863 1497 nou
881 1426 995 1497 adesse
1013 1429 1102 1512 enirn
1117 1428 1256 1513 timendi
1270 1452 1412 1506 oausam

322 1531 445 1621 ullam,
464 1534 655 1629 propinquo
668 1534 817 1622 Gaesare,
836 1532 936 1604 salvis
951 1532 1154 1635 legionibus,
1169 1536 1300 1630 integro
1318 1540 1412 1631 equi·

318 1654 410 1727 ¹tatu,
424 1642 585 1735 victisque
596 1640 719 1735 ubique
737 1640 890 1724 hostibus
904 1665 944 1711 ac
958 1640 1140 1736 dissipatis,
1154 1657 1188 1728 et
1202 1667 1270 1736 prae
1286 1643 1411 1729 timore

323 1745 521 1835 latentibus3
544 1770 726 1841 parumper
750 1762 784 1817 et
805 1762 1010 1843 praeceptum
1037 1735 1132 1834 dueis
1157 1748 1353 1838 inflexerat,
1375 1765 1412 1820 et

322 1856 484 1949 appetitui
506 1851 649 1923 militum
664 1854 769 1923 fraena
781 1854 970 1943 laxaverat3
988 1869 1022 1924 et
1039 1857 1186 1949 quinque
1199 1857 1357 1941 cohortes
1374 1860 1411 1927 in

322 1962 449 2029 vicinas
475 1974 602 2054 segetes
624 1960 866 2037 frumentatum
889 1986 959 2031 non
982 1975 1053 2031 tam
1075 1962 1212 2047 miserat
1231 1988 1335 2057 quam
1359 1966 1410 2033 ire

323 2070 538 2163 permiserat:
559 2081 673 2137 secuta
693 2081 767 2136 erat
786 2069 904 2162 iugens
925 2070 975 2138 vis
999 2066 1176 2157 calonum,
1193 2084 1228 2142 et
1249 2070 1409 2165 hujusce·

323 2173 415 2243 modi
437 2174 566 2269 generis
589 2174 776 2243 hominurn.
799 2177 845 2243 Et
866 2174 1030 2245 Sicambri
1045 2178 1178 2249 interint
1195 2173 1210 2266 l
1227 2179 1301 2272 quis
1323 2192 1409 2249 tuuc
1484 2251 1485 2268 ,

322 2306 380 2351 eos
398 2294 624 2375 expectasset3
645 2280 702 2349 sed
719 2304 838 2376 parere
855 2281 1082 2377 superioribus
1100 2297 1211 2352 tutum
1226 2277 1324 2374 ests)
1343 2287 1409 2353 im·

322 2390 448 2483 provisi
465 2402 500 2462 et
521 2390 601 2457 tecti
615 2386 705 2463 silvis
723 2387 767 2457 ad
781 2404 890 2457 castra
907 2388 1126 2483 perveniunt3
1140 2414 1245 2485 eaque
1261 2416 1332 2461 nou
1348 2417 1408 2488 op

322 2519 491 2592 pugnare,
511 2493 570 2564 sed
590 2509 682 2565 recta
700 2495 773 2583 via,
791 2495 975 2591 eodemque
991 2522 1059 2591 quo
1079 2513 1243 2568 venerant
1261 2500 1409 2594 impetu,
1484 2592 1485 2595 Ἴ

321 2605 446 2674 intrare
468 2600 668 2691 moliuntur,
687 2616 883 2697 tantamque
910 2602 1121 2674 formidinem
1146 2606 1274 2700 inopini
1299 2606 1409 2679 hostis
1483 2666 1485 2703 3

321 2711 474 2780 incursus
492 2711 570 2778 totis
592 2711 708 2778 castris
728 2709 917 2800 infuderat,
931 2725 970 2779 ut
991 2711 1047 2778 vix
1065 2725 1170 2804 pcrtae
1190 2711 1409 2782 defenderen-

321 2831 394 2903 tur,
416 2831 449 2885 et
472 2817 684 2910 frequentare
706 2813 763 2884 illa
786 2814 873 2885 soliti
898 2830 1121 2906 mercatores,
1141 2819 1199 2912 qui
1223 2833 1296 2904 tum
1315 2820 1407 2890 forte

321 2926 428 3018 portis
450 2937 677 3011 excesserant,
699 2923 809 3000 subita
827 2948 863 2992 re
889 2925 995 2992 territi
1020 2937 1054 2992 et
1080 2926 1248 3020 oppressi,
1265 2947 1329 2997 uec
1350 2927 1406 2998 fu·

183 3009 186 3016 i
221 3083 222 3087 ,
321 3029 449 3124 giendi,
471 3054 534 3098 nec
554 3054 588 3098 se
608 3032 696 3100 intra
717 3028 844 3101 vallum
859 3019 1031 3100 referendi
1052 3033 1197 3151 spatium
1218 3033 1406 3124 habereut,

321 3161 454 3231 semper
470 3136 604 3229 quidem
623 3137 852 3206 moestissimus
870 3151 962 3206 vates
980 3139 1081 3206 timor
1094 3141 1207 3208 omnia
1221 3141 1283 3208 sibi
1297 3142 1407 3210 tristia

319 3258 356 3312 et
369 3241 555 3338 periculosa
573 3227 730 3346 lipgebat.
746 3243 914 3363 Quidam,
931 3243 1013 3313 lusis
1034 3246 1138 3339 copiis
1159 3270 1200 3328 ac
1218 3246 1355 3336 deletis,
1369 3264 1407 3319 et

320 3351 522 3447 imperatore
540 3350 772 3445 pessumdato,
790 3353 905 3420 venire
921 3350 1084 3431 barbaros
1097 3352 1141 3421 ad
1156 3351 1310 3448 reliquias
1326 3379 1406 3426 cou-

318 3457 514 3530 sumendas·
506 3481 703 3553 ‚nunquam
720 3455 816 3526 aliter
829 3456 896 3528 hoc
914 3483 1072 3530 ausuros:
1085 3458 1140 3528 alii
1157 3460 1341 3530 iufaustum
1352 3489 1405 3532 ro

318 3566 427 3638 manis
449 3563 633 3660 legionibus
655 3564 768 3641 locum
781 3589 876 3658 esse,
894 3565 952 3634 ubi
974 3565 1075 3660 paulo
1093 3582 1170 3637 aute
1189 3567 1275 3662 legio
1296 3567 1404 3642 altera

319 3670 485 3767 legatique
501 3673 679 3767 perierint:
696 3670 750 3746 alii
771 3671 884 3745 hostes
899 3674 987 3744 intra
1002 3672 1127 3743 vallum
1141 3699 1231 3762 esse,
1249 3689 1283 3744 et
1301 3692 1403 3772 capta

314 3802 386 3872 qam
407 3794 534 3868 castra,
552 3777 751 3854 vociferari:
772 3805 872 3856 nemo
888 3779 991 3851 ullam
1007 3780 1111 3860 solitoe
1129 3783 1260 3866 virtutis
1282 3784 1401 3880 imagi·

319 3910 397 3960 nem
411 3901 472 3960 aut
491 3899 569 3960 actu
586 3885 681 3973 forti,
699 3901 759 3963 aut
771 3890 902 3977 auimo,
916 3902 975 3958 aut
993 3890 1143 3958 ammosa
1159 3914 1243 3958 voce
1260 3906 1402 3984 praeten-

315 3992 417 4065 dere:
431 3994 500 4068 huc
520 3992 599 4065 illuc
622 3995 691 4064 siue
710 3994 845 4086 ordine,
861 3999 932 4065 sine
950 3997 1079 4074 ratione
1095 3995 1301 4079 discurritur.
1320 4001 1402 4088 Qua

315 4099 553 4196 trepidatione,
563 4101 727 4176 Sicambri
737 4105 789 4174 sui
799 4103 894 4177 ducis
908 4103 999 4174 dicto
1013 4105 1119 4198 magis
1132 4105 1305 4199 magisque
1321 4106 1401 4187 fidei
