3000 5025
327 450 401 534 ιω,
530 447 574 515 J.
604 393 759 516 cule
786 440 1181 513 connaurnnn

323 603 526 675 cognoscere
549 581 649 674 coepit
671 602 706 647 se
728 576 978 647 clementiorem
996 602 1088 665 esse,
1113 602 1182 647 non
1198 599 1301 672 quam
1323 576 1405 667 sibl,

323 688 383 757 sed
404 712 504 781 quam
523 684 711 781 reipublicae
729 684 908 779 expediret.
919 681 1017 756 ,Nihil
1037 698 1149 752 tamen
1164 686 1276 753 animo
1294 684 1407 778 dejec-

317 808 394 882 -tus,
405 794 484 863 'sed
496 792 670 887 perfidiam
692 793 727 859 in
748 805 902 861 auctores
923 806 1054 860 vertere
1071 792 1237 885 cogitans,
1254 791 1406 860 celeran-

319 899 407 969 dum
429 902 561 987 statuit,
579 914 636 987 ut,
658 899 685 969 si
707 898 780 967 fieri
802 912 931 1023 posseq,
954 922 1032 966 enm
1052 896 1206 966 hostibus
1223 912 1300 967 ante
1323 923 1407 967 con-

326 1007 538 1102 grederetur,
548 1030 649 1101 quam
662 1029 780 1074 eorum
793 1005 898 1099 copia
914 1029 956 1073 er
976 1006 1067 1074 omni
1079 1003 1264 1073 Galliarum
1279 1003 1408 1101 angulo

325 1115 560 1199 convenirent,
570 1136 643 1206 quae
656 1126 732 1180 ante
747 1125 902 1205 retroque
917 1111 1175 1181 innumerabiles
1187 1126 1221 1180 et
1233 1113 1409 1183 immensa

325 1234 430 1291 erant.
462 1219 641 1314 Cogitabat
670 1232 783 1286 autem
811 1220 981 1313 Ligerim,
1015 1205 1105 1287 facto
1131 1219 1252 1313 raptim
1279 1232 1409 1314 ponte,

325 1328 474 1399 transire.
487 1325 540 1395 Ad
549 1348 648 1420 quem
660 1349 776 1419 quum,
787 1323 841 1393 die
851 1339 1020 1418 noctuque
1028 1347 1200 1418 nunquam
1209 1326 1410 1397 intermissis

325 1434 511 1520 itineribus,
530 1432 753 1527 pervenisset,
769 1429 887 1499 melius
907 1431 967 1499 sini
985 1452 1086 1524 quam
1097 1430 1252 1525 putabat,
1271 1433 1408 1502 accidit.

324 1540 571 1634 Expeditissimi
591 1537 726 1633 qnidam
740 1539 889 1630 equitum
908 1562 1046 1605 suorum
1066 1537 1190 1605 vadum
1211 1539 1246 1605 in
1265 1538 1410 1609 flumine

326 1647 505 1741 reperiere,
529 1644 632 1714 altum
657 1642 790 1739 quidem
816 1642 1037 1744 aodifficile,
1067 1644 1125 1712 sed
1153 1669 1216 1738 pro
1244 1644 1410 1738 qualitate

324 1755 484 1847 temporis
501 1767 740 1847 opportunmn.
762 1752 881 1844 Itaque
901 1749 991 1845 quod
1013 1774 1160 1845 persaepe
1182 1765 1216 1819 et
1232 1750 1411 1823 fecerat'et

322 1859 474 1929 facturus
492 1874 580 1947 erat,
599 1859 796 1927 transversis
812 1859 845 1926 in
865 1856 1002 1925 flumine
1020 1858 1113 1951 equis
1126 1857 1326 1950 majoribus,
1349 1851 1429 1954 qui*

325 1966 491 2035 undarum
514 1966 660 2059 primum
680 1965 843 2057 impetum
856 1964 1076 2052 sustinerent,
1098 1961 1227 2032 salvum
1249 1965 1409 2058 quidem,

325 2071 404 2141 licet
424 2096 528 2166 usque
557 2070 600 2139 ad
623 2072 783 2139 humeros
813 2068 1059 2158 madefactum,
1095 2070 1241 2141 traduxit
1276 2074 1409 2143 exerei-

287 2215 289 2224 ν
325 2192 407 2247 tum.
432 2181 478 2247 Et
507 2202 610 2271 quum
639 2190 760 2271 praeter
784 2177 935 2245 omnium
957 2178 1148 2271 opinionem
1166 2201 1207 2247 ac
1230 2203 1324 2272 spem
1356 2205 1408 2249 ve

324 2300 437 2372 norat,
459 2282 530 2353 solo
560 2284 711 2353 hostibus
736 2282 930 2377 stupefactis
953 2298 1110 2378 aspectu,
1130 2286 1300 2379 ingentem
1334 2289 1409 2356 vim

324 2389 484 2461 frumenti
505 2416 544 2459 ae
565 2391 696 2484 pecoris
724 2388 790 2457 late
817 2389 916 2459 effusi
941 2389 1099 2486 adeptus,
1126 2405 1261 2485 egentes
1288 2416 1410 2463 rerum

325 2500 476 2568 omnium
492 2496 657 2594 legiones,
671 2496 925 2591 dispersa'inter
938 2486 1125 2567 eos⁸rerum
1144 2499 1257 2594 copia,
1271 2506 1409 2571 recrea·

324 2607 382 2674 vit.
401 2608 495 2674 Dum
516 2605 588 2674 haec
609 2604 651 2673 ab
672 2605 874 2698 imperatore
892 2620 961 2673 tam
980 2604 1132 2674 celeriter
1143 2629 1245 2700 quam
1262 2605 1410 2679 feliciter

325 2727 535 2806 gererentur,
553 2711 696 2807 legatus,
715 2713 768 2778 vir
789 2710 1005 2799 fortissimus,
1028 2711 1195 2781 Labienus
1215 2714 1249 2780 in
1269 2714 1409 2809 perple-

324 2819 481 2889 xitatibus
493 2817 605 2888 multis
620 2833 707 2905 erat3
722 2818 893 2912 profectus
911 2843 1032 2912 nempe
1050 2842 1128 2886 eum
1139 2833 1284 2913 quatuor
1299 2819 1408 2916 legio·

323 2925 421 2994 nibus
443 2927 611 2994 Lutetiam
631 2926 855 3013 Parisiorum,
876 2949 950 3018 quae
970 2926 1005 2992 in
1026 2923 1132 2994 insula
1154 2927 1318 3020 Sequanae
1341 2931 1409 3000 sita

325 3046 414 3120 erat,
424 3031 483 3100 ubi
489 3056 579 3100 nune
586 3046 636 3100 est
646 3033 747 3100 totius
760 3029 971 3124 transalpinae
984 3030 1100 3100 Galliae
1112 3032 1270 3102 famosior
1283 3035 1409 3106 civitas

325 3136 464 3208 fundata
476 3139 635 3223 Parisius,
653 3161 776 3232 magna
787 3139 834 3206 ibi
845 3135 1056 3206 multitudiue
1067 3139 1213 3209 hostium
1224 3155 1408 3235 exceptus,

324 3259 358 3314 et
368 3244 591 3339 nequidquam
606 3259 732 3315 tentato
743 3246 897 3332 transitu,
908 3243 1059 3338 repulsus
1070 3245 1220 3333 erat3sed
1232 3261 1408 3319 nocturno

324 3351 400 3421 inde
422 3350 550 3430 silentio
566 3350 749 3445 digressus,
770 3349 992 3420 Melodunum
1012 3353 1119 3440 venit,
1138 3351 1301 3447 oppidum
1319 3369 1408 3430 tunc

324 3459 515 3546 Senonum,
535 3472 569 3526 et
596 3458 735 3526 navibus
765 3457 907 3526 inventis
926 3459 961 3525 in
982 3458 1137 3546 flumine,
1159 3461 1409 3554 introgressus,

324 3589 363 3633 ae
385 3589 470 3659 pene
488 3589 631 3634 vacuum
650 3577 768 3633 nactus
782 3562 912 3652 locum,
933 3564 1023 3659 quod
1043 3590 1122 3660 pars
1141 3568 1283 3634 maxima
1301 3591 1407 3638 aceo·

323 3670 431 3740 larum
441 3672 607 3740 Lutetiam
629 3670 672 3739 ad
692 3667 816 3738 bellum
836 3669 929 3763 jussa
948 3674 1240 3767 perrexerat,sine
1263 3675 1406 3744 oon'tra·

322 3777 465 3847 dictione
477 3792 535 3846 aut
546 3775 614 3846 ulla
625 3778 944 3871 repugnantia,eum
953 3781 1050 3873 oepit.
1062 3779 1146 3848 Inde
1154 3803 1254 3874 super
1262 3804 1407 3851 amnem

322 3883 587 3979 refectoponte,
610 3884 722 3978 copias
744 3883 921 3972 transfert,
946 3899 1046 3979 atque
1067 3885 1130 3954 illis
1155 3899 1313 3955 terrestre
1337 3891 1406 3958 iter

322 3991 513 4084 agentibus,
530 3991 601 4084 ipse
628 3989 775 4060 secundo
797 3989 943 4060 fluminis
962 3990 1058 4061 alveo
1080 3994 1246 4061 Lutetiam
1265 3997 1403 4089 repetit.

322 4097 401 4186 Quo
418 4099 640 4192 praecognito,-
655 4098 769 4168 hostes
782 4098 944 4193 oppidum
961 4099 1197 4189 incenderunt,
1210 4115 1405 4201 pontesque
