3000 5025
322 472 392 540 DE
420 470 550 540 VITA
576 472 724 539 JULII
753 472 999 545 CAESARIS.
1133 476 1213 550 223

134 602 220 688 dt're,
238 602 484 694 amfoteres
488 630 502 690 ;
518 618 553 672 et
565 603 672 673 vaula
685 620 720 673 tc
732 604 867 693 hortor,
886 623 925 676 ut
939 608 1097 696 desinas,
1117 626 1154 678 et
1166 612 1217 680 ab

132 714 282 804 tucaepto
310 711 425 780 inutili
434 710 561 805 pedem
583 712 750 780 retrahas.
784 716 880 784 Nam
906 720 941 782 si
957 722 1068 786 nescis
1089 720 1213 787 cout'ra

132 840 229 909 quem
244 816 390 905 ducem,
415 832 537 886 contra
556 840 657 911 quem
679 824 866 889 exercitum
876 844 1035 916 pugnes,
1064 829 1218 919 expertis

124 921 201 1013 jam
223 946 320 993 nuuc
327 939 434 1019 potes
448 948 564 993 :stema
584 924 628 993 de
649 930 716 994 tuis
737 926 894 994 carnibus
914 929 1086 997 cohortem
1107 954 1213 999 urtam

132 1052 384 1123 quamcumque
391 1030 756 1122 Jitdt‘casfirmtorem:
777 1057 842 1125 ego
860 1033 906 1102 de
929 1034 1214 1106 commilitonibus

132 1141 237 1222 meis,
255 1160 350 1205 nuuc
370 1142 617 1231 captivantis,
639 1137 757 1208 decem
774 1142 869 1209 solos
889 1142 1034 1235 elz‘gam:
1038 1142 1129 1233 jube
1149 1162 1214 1212 uos

132 1240 320 1338 corffgere
329 1297 340 1329 ‚
362 1259 466 1337 atque
480 1249 622 1338 imparis
637 1247 758 1339 praelii
768 1263 947 1340 spectator
958 1271 1005 1317 ea
1021 1263 1141 1317 eventu
1151 1249 1212 1340 ja·
1258 1305 1271 1325 .

130 1348 233 1433 dt'ca,
250 1349 341 1443 qtu'd
348 1348 412 1418 tibi
428 1350 473 1418 dc
485 1354 593 1445 copus
607 1356 673 1419 tuis
692 1352 863 1439 omnibus,
888 1354 1099 1448 dequebellr'
1117 1361 1214 1441 exitu

130 1456 410 1551 st‘tsperaudum.
425 1458 505 1525 Haec
527 1480 631 1550 quum
654 1460 833 1547 centurio,
855 1458 949 1529 aliter
971 1484 1011 1529 ac
1033 1462 1213 1556 sperabat,

125 1564 301 1637 ⁴constanti
321 1560 417 1630 vultu
438 1576 539 1657 atque
557 1564 692 1649 animos
708 1562 802 1631 clara*
819 1590 918 1653 voce,
939 1566 1093 1653 dixisset,
1110 1569 1214 1637 iratus

130 1682 164 1736 et
176 1671 397 1739 contristatus
411 1668 541 1763 Scipio,
554 1670 620 1739 suis
638 1670 889 1741 centurionibus
912 1673 1043 1766 signum
1055 1674 1163 1762 dedit,
1176 1690 1215 1744 ut

128 1778 164 1844 in
186 1772 284 1844 illum
301 1778 484 1844 irruerent:
502 1800 569 1870 quo
588 1777 721 1864 occiso,
739 1775 885 1871 reliquos
897 1793 1074 1849 veteranos
1092 1804 1112 1848 a
1131 1783 1211 1849 tiro·

17 1942 21 1955 .
128 1882 229 1951 nibus
260 1896 473 1977 segregatos,
494 1896 528 1951 et
550 1881 719 1977 suppliciis
746 1882 858 1952 multis
885 1883 1025 1955 affectos
1042 1888 1140 1981 jussit
1158 1890 1212 1956 in·

126 1989 267 2077 terfici‚
302 1988 439 2057 infando
463 1988 587 2059 scelere
609 1988 811 2078 maculatos,
844 2004 878 2058 et
905 1994 1066 2086 sanguine
1090 1995 1213 2063 civium

126 2097 361 2191 impinguatos
374 2119 515 2165 vocans:
531 2096 715 2184 tironibus,
733 2096 826 2166 velut
842 2085 1093 2189 innocentibus{
1109 2103 1214 2169 vitam

128 2200 244 2297 liquit,
266 2225 389 2297 eosque
411 2204 478 2271 suis
496 2200 681 2297 legionibus
700 2204 799 2297 jussit
818 2204 947 2273 ascribi.
967 2207 1135 2283 Turbatus
1150 2208 1214 2278 lrao

128 2308 171 2379 de
196 2334 235 2377 re
257 2311 387 2402 Caesar,
408 2331 512 2403 quum
532 2310 566 2376 in
588 2333 732 2403 praesens
750 2309 842 2379 aliud
862 2336 932 2380 non
953 2328 1086 2406 posset,
1105 2316 1214 2384 ineos

17 2466 18 2520 ἐ
129 2418 219 2511 qui,
242 2440 321 2488 outn
343 2416 486 2485 navibus
506 2415 633 2511 longis,
659 2416 702 2485 ad
725 2420 826 2486 maris
848 2418 1034 2487 custodiam
1059 2413 1216 2516 deputati

17 2592 18 2606 ,
128 2538 231 2593 erant
241 2576 251 2612 ‚
262 2525 349 2592 iram
365 2522 504 2611 effudit3
518 2547 640 2616 eosque
653 2525 746 2618 gra-vi
765 2539 900 2594 notatos
912 2525 1053 2594 infamia
1063 2541 1217 2598 exaucto

17 2631 18 2648 ³
124 2633 239 2717 ravit,
260 2629 350 2724 quod
365 2653 484 2698 eorum
507 2631 645 2724 segnitie
667 2633 762 2698 nauis
782 2629 838 2698 illa
858 2655 937 2698 cum
955 2623 1215 2724 militibus‘suis,

127 2740 162 2806 in
182 2751 387 2832 potestatem
404 2737 549 2805 hostium
569 2738 700 2804 venisse
716 2736 901 2816 videbatur.
923 2730 986 2806 llis
999 2733 1215 2834 diebuspor·

129 2859 268 2914 tentum
297 2841 492 2912 admirabile
522 2844 557 2911 in
576 2844 700 2912 'castris'
722 2844 863 2913 Caesaris
884 2844 1013 2912 accidit.
1038 2847 1215 2922 Noctumo

130 2967 289 3046 tempore
307 2951 440 3018 nimbus
462 2948 593 3044 lapideo
610 2949 716 3018 imbre
738 2948 967 3037 diffissus'est3
988 2951 1150 3047 simulque
1170 2952 1218 3022 le

130 3059 245 3154 gionis
263 3059 361 3126 unius
383 3055 526 3125 telorum
546 3058 930 3125 summitatesanemine
946 3060 1112 3130 immissus
1130 3062 1216 3156 ignis

131 3165 376 3236 concremavit.
398 3163 485 3233 Juba
505 3187 590 3250 rex,
611 3164 817 3257 quidudum
840 3168 1066 3257 optaveratin
1085 3181 1216 3260 partem

134 3269 216 3340 belli
231 3272 364 3358 venire,
377 3284 412 3338 et
430 3271 541 3365 copias
558 3293 633 3338 suas
652 3294 728 3338 cum
747 3271 902 3364 Scipione
918 3271 1142 3366 conjungere,
1150 3262 1214 3343 '‘sed
1248 3321 1252 3326 -

134 3376 235 3446 bellis
256 3378 399 3471 propriis
418 3378 580 3470 regnique
603 3373 772 3445 laboribus
793 3393 992 3465 revocatus,
1018 3379 1136 3472 ‘ooeptis
1157 3380 1215 3449 ab·

53 3517 59 3536 ·
134 3487 286 3569 stiterat,
301 3485 394 3552 venit
406 3483 540 3550 tandem
559 3503 643 3552 cum'
650 3486 778 3578 ingenti
792 3481 969 3552 hominum
983 3483 1215 3556 multitudine:

135 3615 258 3659 verum
278 3614 350 3659 non
363 3589 398 3656 in
411 3613 569 3676 numero,
589 3590 646 3657 sed
667 3591 701 3657 in
723 3591 846 3658 viruite
865 3589 1008 3659 militnm
1026 3593 1166 3660 victoria
1182 3608 1217 3663 et

130 3695 217 3766 belli
233 3696 340 3792 gloria
363 3697 423 3764 sita
441 3711 519 3784 est3
540 3695 597 3764 diu
615 3711 808 3791 expectatus
826 3699 927 3790 igitur
948 3747 957 3785 ‚
980 3698 1051 3789 ejus
1073 3697 1136 3766 fuit
1157 3700 1216 3768 adb

139 3817 277 3890 ventus,
287 3825 409 3897 magna
425 3827 501 3871 cum
516 3825 573 3896 spe
589 3815 688 3896 atque
702 3805 860 3897 opinione
874 3804 1125 3873 Romanorum:
1138 3806 1217 3875 mor
1318 3809 1322 3814 ’

142 3925 179 3979 ut
195 3911 308 3996 venit,
321 3930 425 4003 quum
440 3909 568 4003 stupori
583 3908 711 3997 fuerat,
722 3911 824 4005 ooepit
840 3933 912 3978 essa
929 3914 1155 4006 contemptui3
1166 3913 1216 3990 fe

142 4019 251 4111 aitque
274 4018 449 4112 presentia
469 4015 560 4110 quod
582 4015 677 4084 solita
699 4029 769 4102 est,
789 4018 1024 4085 auctoritatem
1042 4017 1219 4103 etiannum

142 4127 225 4218 regis
248 4123 426 4208 imminuit.
446 4123 559 4198 Caesar
577 4123 760 4212 veno‚ulii‚
782 4124 908 4202 coactis
925 4147 1031 4192 untnn
1051 4126 1086 4199 in
1106 4124 1217 4199 locum
