3000 5025
296 431 368 505 106
490 436 537 501 n.
567 434 726 503 canst
751 408 1153 503 couunuraun

290 566 356 637 sed
379 569 416 636 in
439 566 551 636 saltus
574 590 620 637 oc
632 565 787 663 paludes
806 589 918 660 genus
939 588 1040 634 omne
1061 563 1277 660 dtffitgerot‚
1299 581 1372 635 tau·

192 749 193 758 χ
291 688 362 743 tum
373 678 518 771 pavoris
532 678 676 744 incussit
691 677 785 743 irztro
802 676 916 769 rapam
933 671 1045 741 subt‘to
1060 695 1210 742 mmmm
1222 676 1298 742 ors:
1309 695 1373 743 nec

290 782 398 851 semel
414 768 569 869 Rhenus,
588 786 709 850 iterum
730 804 884 875 quoquc,
899 795 936 848 et
952 779 1105 875 quidem,
1119 794 1232 876 ponte
1239 778 1370 871 sacto,

283 900 492 985 penetratur
509 904 569 957 est.
593 887 667 959 Sed
681 887 796 979 manr
815 887 998 981 nlt‘qaanto
1020 886 1228 983 trepidatio:
1246 892 1374 982 puppe

290 1018 395 1093 quum
416 995 570 1064 Rhenum
590 1000 641 1065 sic
654 1010 785 1092 ponte,
808 997 914 1089 quasi
921 992 1031 1089 jugo,
1048 1010 1188 1091 coptum
1204 991 1372 1080 arderent,

278 1101 383 1197 suga
399 1126 517 1171 rursus
532 1108 568 1172 in
583 1103 689 1174 siloas
702 1116 740 1171 et
743 1100 898 1199 paludes
909 1126 920 1169 .·
932 1100 999 1170 sed
1011 1102 1110 1195 quod
1119 1098 1376 1170 acerbissimum

295 1207 536 1300 Coesarisuit‚
556 1232 627 1278 norz
635 1208 746 1301 ficere
768 1212 832 1303 qui
847 1213 1072 1277 crimenentur.
1094 1210 1195 1294 Haec,
1212 1220 1251 1275 ut
1273 1206 1377 1302 legis,

293 1314 337 1384 ad
356 1313 500 1385 litteram
518 1314 608 1385 Flori
625 1324 723 1386 sunt:
740 1315 860 1411 quibus
874 1317 984 1384 innuit
997 1315 1144 1410 primum
1163 1314 1275 1383 Rheni
1290 1326 1379 1381 trau·

294 1422 395 1491 situm
408 1446 477 1492 non
493 1434 596 1518 ponte
608 1421 733 1493 factum
748 1448 835 1511 esse,
848 1422 906 1493 sed
920 1421 1070 1491 navibus.
1085 1420 1198 1495 Piimo
1211 1445 1293 1489 vero
1308 1446 1379 1491 non
1480 1472 1481 1476 η

203 1566 206 1577 v
292 1528 359 1598 hoc
377 1530 504 1618 innuit,
526 1529 584 1599 sed
605 1528 761 1599 affirmat.
782 1532 837 1599 Sic
857 1531 947 1599 enim
968 1543 1047 1598 aute
1059 1528 1132 1597 haec
1151 1528 1313 1624 scriptum
1334 1529 1381 1595 in·

294 1636 427 1705 venies:
446 1635 516 1729 jam
541 1639 654 1707 Caesar
674 1636 765 1706 ultro
787 1637 821 1705 in
846 1627 1166 1725 Mosellam(amnis
1189 1649 1240 1704 est
1261 1636 1379 1703 Trevi·
1480 1687 1481 1706 2

295 1767 412 1811 rorum
429 1739 443 1833 )
460 1742 570 1814 navali
597 1758 701 1840 ponte
729 1743 992 1839 transgreditur,
1014 1744 1189 1837 ipsumque
1209 1741 1379 1810 Rhenum.
1480 1797 1481 1834 3

294 1848 408 1919 Sedis
431 1852 487 1944 qui
505 1875 651 1946 praesens
665 1865 754 1938 erat,
768 1850 849 1919 dum'
863 1851 935 1920 haec
949 1848 1085 1937 fierent,
1098 1864 1279 1943 utrumque
1293 1862 1383 1917 tran·

295 1956 396 2025 situm
414 1954 525 2025 stabili
546 1970 650 2052 ponte
671 1956 846 2042 describit,
867 1981 968 2051 quem
989 1956 1025 2025 in
1042 1956 1107 2025 bac
1125 1956 1317 2024 narratione
1335 1980 1383 2024 se
1479 2013 1482 2051 ,

296 2076 393 2132 cutus
417 2088 500 2132 sum.
524 2063 675 2133 Procedo
692 2076 814 2132 autem.
832 2062 961 2133 Videas
978 2088 1060 2158 ergo
1076 2066 1190 2133 Caesar
1209 2086 1280 2131 rem
1300 2076 1384 2131 tem·
1479 2139 1481 2158 1

296 2168 387 2264 poris
399 2168 565 2264 indigam,
581 2168 746 2266 longeque
758 2168 947 2257 difficilem,
960 2170 1128 2265 precipue
1140 2194 1210 2265 pra
1223 2169 1384 2238 frumenti

297 2276 429 2370 inopia,
447 2276 553 2371 quod,
567 2302 608 2345 eo
631 2292 799 2372 tempore,
816 2278 993 2347 Germanis
1006 2273 1218 2371 agriculturae
1234 2276 1385 2345 studium
1480 2367 1481 2372 ἵ

299 2406 369 2451 non
397 2396 488 2471 erat,
510 2405 633 2479 magna
658 2407 736 2478 pars
764 2397 890 2453 venatu
915 2398 949 2453 et
977 2383 1153 2453 latrocinio
1181 2380 1387 2471 utebantur,
1480 2453 1481 2480 ,

299 2513 464 2584 quorum,
487 2490 529 2560 sit
544 2490 646 2561 modo
665 2489 823 2579 facultas,
842 2490 984 2562 libenter
1004 2491 1208 2560 nuncetiam
1224 2503 1388 2580 utuntur,
1479 2552 1482 2589 ζ

298 2594 405 2685 lacte,
427 2621 550 2688 carne,
571 2623 669 2668 caseo
691 2598 892 2669 victitabant
899 2627 914 2687 ‚·
934 2599 1058 2668 omisso
1080 2600 1250 2692 incoepto,
1268 2621 1388 2667 rursus
1478 2659 1482 2674 ,

255 2763 259 2769 .
299 2705 335 2774 in
357 2701 502 2774 Galliam
525 2707 648 2776 reverti
670 2706 809 2777 statuit:
829 2705 888 2775 sed
910 2720 949 2775 ut
972 2719 1065 2774 metu
1086 2707 1137 2774 sui
1158 2703 1285 2774 reditus
1306 2705 1389 2773 bar·
1480 2768 1481 2777 ,

299 2809 461 2880 berorum
479 2813 642 2908 impetum
661 2811 834 2902 fraenaret,
849 2838 918 2882 non
927 2827 1075 2909 pontem
1090 2811 1208 2906 fregit,
1222 2825 1261 2880 ut
1274 2812 1388 2907 prius,

299 2918 365 2986 nisi
382 2917 424 2986 ab
440 2943 478 2988 ea
497 2933 593 3015 parte
613 2944 680 3016 qua
699 2921 917 2990 Germaniam
931 2918 1154 3014 contingebat
1171 2917 1233 2988 llla
1249 2918 1389 3013 quidem
1480 2910 1481 2913 ¹

250 3045 265 3120 j
302 3035 398 3119 parte
419 3028 624 3109 extremam
646 3026 818 3096 dexteram
842 3027 953 3096 Rheni
979 3026 1087 3121 ripam
1108 3025 1301 3114 desinente,
1323 3023 1390 3096 du·

303 3144 478 3200 centorum
499 3133 624 3229 pedum
642 3134 751 3230 spatio
772 3135 931 3222 rescissa,
948 3135 1034 3202 turri
1049 3131 1159 3229 lignea
1178 3133 1411 3228 superimpo·'

304 3237 385 3325 sita,
400 3253 434 3308 et
454 3237 658 3310 multimodis
673 3237 924 3311 circumvallata
936 3239 1194 3329 munitionibus,
1207 3238 1391 3310 duodecim

305 3344 462 3416 cohortes
483 3346 527 3416 ad
549 3346 687 3416 tutelam
709 3348 821 3442 pontis
845 3348 1021 3443 imposuit,
1039 3361 1074 3418 et
1093 3344 1287 3418 Vulcatium
1308 3345 1393 3416 Tul·

304 3449 375 3519 lum
397 3451 449 3522 his
471 3457 671 3549 praeposuit,
692 3469 726 3523 et
747 3455 859 3550 pontis
879 3467 914 3524 et
935 3453 1128 3524 cohortium
1149 3479 1265 3524 curam
1286 3451 1391 3523 dedit

305 3561 382 3653 Ipse
398 3573 480 3630 ve‘ro
494 3561 654 3632 adversus
670 3561 900 3656 Ambiorigem
914 3560 1146 3657 proficiscens,
1161 3585 1223 3655 per
1235 3559 1393 3630 Arduen-

305 3689 385 3735 nam
399 3665 533 3758 silvam,
551 3670 729 3738 maximam
743 3669 894 3738 omnium
913 3665 1201 3762 Galliarumque
1215 3669 1303 3736 inter
1313 3668 1394 3738 Tre·

306 3773 418 3857 viros,
435 3775 645 3870 Ner'viosque
672 3789 706 3845 et
727 3775 876 3846 Rhemos
900 3776 1089 3871 quingentis
1119 3789 1152 3845 et
1179 3799 1221 3844 co
1247 3772 1394 3870 amplius

307 3903 467 3974 passuum
485 3877 630 3954 millibus
652 3883 686 3951 in
707 3879 867 3978 longum,
889 3884 936 3952 ita
956 3885 1044 3952 enim
1066 3881 1236 3982 proditum
1253 3905 1273 3950 a
1292 3883 1395 3977 scrip

309 3985 438 4057 toribus
447 4013 577 4076 rerum;
589 3990 624 4058 in
638 3987 743 4060 latum
755 4015 837 4060 vero
849 3991 948 4060 unius
959 4005 1018 4060 aut
1030 3990 1162 4061 circiter
1175 3988 1297 4060 aestivae
1309 3985 1394 4058 lucis

303 4093 446 4186 itinere,
461 4095 552 4200 quod
571 4122 634 4201 ego
650 4099 721 4197 ipse
743 4123 817 4169 sum
840 4121 1011 4188 emensus,
1029 4096 1228 4170 extenditur,
1246 4096 1393 4173 Lucium
