3000 5025
311 502 382 551 tra
523 481 552 547 J.
580 479 743 547 CELSI
771 471 1178 553 COMMENTARII

306 620 379 683 tare
391 609 566 699 nuntians,
578 609 678 679 fidem
698 633 767 677 non
783 609 956 677 invenerit.
972 608 1027 677 Sic
1044 609 1133 675 enim
1147 605 1303 675 omnibus
1314 630 1390 700 per·

308 744 442 802 suasum
461 732 553 806 erat,
571 715 680 785 deleto
695 705 863 802 exercitu,
879 714 1002 810 fugisse
1023 715 1167 809 equites,
1184 738 1294 807 neque
1311 716 1393 782 Ger·

306 814 425 895 manos
438 822 532 893 aliter
542 838 651 893 castra
660 822 797 918 aggredi
807 845 964 909 ausuros,
975 837 1014 890 ut
1024 821 1151 890 dictum
1163 830 1227 889 esti'
1235 820 1392 913 Denique

307 932 387 1001 boni
403 930 487 1000 nihil
508 932 645 1026 pe'n'itus¹
655 932 802 1023 cogitare
819 927 1005 1032 audebant,
1027 930 1062 997 in
1079 925 1393 996 deterius-inclinati

306 1041 428 1108 animi:
450 1035 706 1143 mirum'valde‘,
728 1035 818 1105 unde
837 1037 930 1103 venit
954 1060 994 1103 ea
1018 1035 1243 1134 consternatio
1263 1036 1307 1102 in<
1320 1047 1391 1101 tam

307 1146 462 1229 fortes
429 1169 540 1233 v1r0s3
554 1144 616 1213 nisi
632 1144 762 1238 opinari
754 1141 898 1229 libeat,
915 1155 1021 1236 quum
1037 1143 1186 1212 humana
1199 1142 1312 1210 omnia
1330 1143 1394 1209 ins·

306 1250 419 1355 tabilia
443 1266 542 1338 sunt,
564 1275 635 1319 esse
655 1247 781 1353 aliquas
803 1250 924 1338 horas,¹
946 1274 1020 1344 quae
1043 1260 1233 1318 constantes
1255 1267 1392 1342 quoque

260 1447 262 1451 ι
306 1349 435 1427 animos
458 1360 509 1427 sui
528 1355 657 1441 oblitos
669 1345 861 1444 emolliant,
879 1380 919 1425 ac
940 1356 1147 1450 perturbent.
1171 1358 1290 1449 Neque
1308 1379 1392 1423 vero

305 1464 361 1535 hic
380 1479 488 1561 metus
507 1462 664 1533 altissime
680 1462 854 1569 radicatus
872 1462 940 1530 ulla
961 1461 1076 1531 realia
1093 1464 1251 1558 extirpari
1266 1462 1393 1555 quivit,

270 1658 272 1663 Ι
306 1564 408 1665 quam
435 1572 538 1665 ipsius
567 1571 726 1658 Caesaris,
748 1563 827 1638 curn
850 1571 998 1638 exercitu
1022 1569 1210 1657 redeuntis,
1231 1582 1393 1662 aspectu,
1474 1564 1480 1574 ’

288 1716 290 1721 ·
306 1679 423 1771 inquo
439 1702 508 1746 uno
519 1679 627 1745 om'nis
642 1678 801 1746 securitas
816 1675 998 1766 habitabat.
1018 1678 1132 1745 Caesar
1144 1701 1226 1771 ergo
1244 1674 1394 1774 rediens,

279 1872 282 1875 Ι
306 1798 341 1854 et
359 1780 606 1867 fortunae'vim,
623 1798 828 1876 casuumque
842 1784 1055 1870 varietatem,
1072 1783 1115 1852 ab
1127 1782 1320 1878 aperto'sibi
1336 1808 1395 1850 no

307 1884 489 1977 tissimam,
509 1892 726 1984 recognovit,
743 1890 780 1956 in
797 1913 838 1957 eo
853 1891 1015 1978 maxime,
1032 1888 1175 1983 etquod
1190 1914 1230 1959 eo
1240 1901 1395 1983 ,praeter

307 2022 442 2067 omnem
457 1986 670 2090 opinionem,
683 1995 846 2065 barbaros
865 1995 1072 2084 adduxisset,
1090 2010 1125 2065 et
1141 1996 1218 2064 inde
1232 2020 1290 2066 eos
1304 2020 1395 2090 pene

303 2104 374 2197 jam
390 2104 460 2172 voti
476 2116 648 2196 compotes
665 2101 887 2171 abstraxisset
902 2106 984 2171 Haec
998 2118 1037 2171 ut
1045 2104 1241 2172 communia
1255 2116 1325 2171 non
1338 2102 1396 2171 ad·

307 2212 453 2298 mirans,
470 2234 578 2277 unum
592 2233 661 2275 non
672 2199 807 2303 poterat
821 2233 890 2277 non
903 2210 1034 2298 mirari;
1052 2209 1141 2281 unde
1156 2209 1229 2279 haec
1239 2209 1395 2279 barbaris

307 2315 435 2385 consilii
463 2329 557 2385 tanta
586 2315 749 2404 mutatio,
771 2328 809 2383 ut
836 2317 895 2409 qui
924 2318 959 2384 in
989 2317 1130 2411 gratiam
1158 2319 1396 2385 Romanorum

307 2422 350 2491 ad
363 2420 574 2519 populandos
588 2422 792 2490 'Eburonum
806 2421 889 2491 fines
903 2439 938 2492 et
953 2422 1180 2520 Ambiorigem
1195 2447 1399 2519 persequen-

307 2530 389 2598 dum
408 2539 589 2619 venerant,
594 2525 657 2597 ad
674 2530 901 2624 oppugnanda
920 2555 1060 2599 romana
1083 2546 1192 2601 castra
1218 2533 1404 2620 conversi,-

307 2636 492 2730 Ambiorigi
506 2651 605 2730 atque
614 2635 829 2706 Eburonibus
839 2639 1059 2742 gratissimam
1073 2650 1143 2707 rem
1160 2638 1325 2708 fecissent
1339 2641 1397 2706 De

307 2740 452 2838 reliqua,
468 2736 558 2837 quod
581 2758 699 2812 contra
717 2751 816 2812 suum
840 2759 1045 2840 praeceptum
1067 2745 1255 2814 cohortes
1246 2765 1281 2812 ιιι
1305 2771 1396 2840 prae·

307 2849 385 2918 dam
403 2851 531 2919 emissae
553 2864 662 2920 castra
680 2849 903 2921 deseruissent
912 2850 1045 2949 ,legati
1062 2851 1321 2921 inobedientiam
1346 2851 1395 2920 le·

307 2959 393 3025 viter
411 2957 540 3050 arguit3
559 2971 607 3024 ut
619 2957 675 3051 qui
692 2969 730 3025 et
747 2958 938 3026 mitissimus
959 2973 1097 3048 natura,
1115 2974 1150 3027 et
1170 2945 1270 3053 legati
1287 2958 1400 3052 hujus

307 3077 394 3132 esset
419 3064 682 3152 amantissimus,
704 3063 796 3157 quod
817 3089 859 3132 ex
883 3014 1100 3134 familiaribus
1124 3065 1167 3134 ad
1192 3082 1273 3134 ειιιιι
1292 3065 1394 3136 factis

212 3260 215 3268 V
307 3168 453 3264 epistolis
476 3166 648 3238 evidenter
667 3168 912 3253 eliciturflaec
934 3195 1011 3240 eum
1034 3174 1100 3241 suis
1122 3175 1236 3242 Gaesar
1250 3198 1258 3240 ι
1273 3187 1310 3242 at
1332 3172 1394 3242 ad·

306 3301 423 3345 versus
447 3275 560 3345 hostes
585 3278 720 3365 iratior,
739 3278 774 3345 in
788 3297 916 3346 ‘omnes
942 3293 1054 3373 partes
1077 3278 1236 3348 diffundit
1262 3283 1394 3349 exerci-

207 3421 209 3426 ·
307 3398 399 3453 tum:
416 3383 605 3476 abiguntur
617 3380 756 3477 pecora,
772 3378 1015 3454 'convectantur
1032 3385 1171 3480 praedae,
1190 3375 1395 3456 consumun-

277 3548 280 3552 .
307 3505 362 3558 tur
391 3488 581 3577 frumenta,
603 3503 790 3558 exuruntur
817 3489 976 3581 aedificia,
994 3495 1111 3573 omnia
1139 3493 1287 3588 denique
1311 3521 1394 3591 per·

307 3610 501 3664 vastantur:
521 3593 928 3688 tantoque'impetufbinc
953 3598 1031 3668 inde
1054 3600 1240 3670 discursum
1261 3617 1336 3691 est,
1355 3617 1394 3672 ut

306 3693 1393 3805 Ambiorigemasevisummultidicerent,atqueadeur‘ncompre·

306 3808 521 3879 hendendum
529 3807 715 3878 incredibili
725 3807 892 3880 celeritate
904 3811 1393 3904 contenderent,omn'i·labo‘re

306 3918 375 4011 peti
397 3915 535 4010 dignum
557 3915 773 4035 extimantes,
791 3941 859 4012 quo
877 3919 1073 3989 immensam
1087 3923 1228 3993 Caesaris
1246 3927 1392 4017 gratiam

307 4037 533 4110 mererentur,
551 4034 602 4109 et,
621 4023 711 4091 canis
729 4023 764 4090 in
786 4048 914 4092 morem
933 4023 1081 4129 leporem
1099 4033 1280 4124 captantis,
1301 4055 1390 4128 saepe

295 4130 350 4200 rab
373 4129 496 4200 effectu
517 4151 585 4200 suae
605 4122 797 4200 intentionis
815 4131 990 4213 minimum
1007 4126 1168 4225 abfuisse,
1190 4153 1391 4279 tantumque
