3000 5025
325 448 402 531 ιιι
540 444 569 512 ι.
597 442 758 511 caesi
785 442 1175 511 connnurnnn

320 575 501 663 cronibus,
535 572 628 643 velut
656 572 746 643 calce
770 587 962 666 compacta,
980 573 1129 656 ,invicem
1159 574 1392 662 cohaerebant,

320 685 473 777 murique
487 682 670 775 cujuspiam
684 680 834 749 officium
845 680 1085 749 ministrabant.
1097 683 1148 749 Ite
1161 706 1262 768 nunc,
1269 682 1391 769 miseri,

319 805 353 857 et
371 788 521 857 civilibus
541 786 636 857 bellis
647 780 853 867 incumbite!
875 786 1020 880 dumque
1041 786 1112 873 aliis
1136 788 1312 877 invidetis,
1330 812 1391 857 vos

317 896 408 990 ipsos
425 888 623 1006 opprimite!
644 892 789 973 Eccejde
805 894 924 961 vestris
940 893 1158 964 cadaveribus
1166 896 1391 989 ,superstites

312 1000 581 1097 oppugnantur:
604 1023 647 1067 an
668 998 757 1068 aliud
778 994 909 1093 petitis?
940 1024 984 1067 an
1010 1002 1189 1094 quicquam
1218 1000 1390 1091 furoribus

314 1133 403 1177 nunc
427 1109 526 1177 etiarn
548 1107 667 1175 vestris
688 1104 806 1174 deest?
824 1107 878 1173 An
899 1104 972 1173 vult
991 1104 1085 1174 aliud
1106 1086 1297 1198 Labienus,
1319 1122 1388 1177 tam

313 1213 460 1283 fervidus
479 1210 676 1283 insultatori
693 1226 726 1281 et
744 1210 799 1279 alii
819 1192 968 1292 cecidere
986 1215 1050 1281 tuis
1072 1214 1299 1308 instigatibus,
1321 1217 1388 1283 La·

311 1320 431 1408 biene;
452 1334 486 1389 et
505 1334 566 1406 tu,
586 1319 710 1407 miser,
732 1343 810 1387 eum
838 1316 909 1389 aliis
939 1318 1082 1403 cadaver
1107 1322 1245 1390 unicum
1274 1322 1386 1415 jaces3

311 1428 463 1520 quamvis
490 1440 524 1495 et
551 1425 632 1513 tibi,
661 1438 695 1492 et
718 1427 812 1493 Varo
843 1422 995 1518 sepulcra
1020 1425 1109 1495 facta
1130 1428 1327 1521 reperiam:
1354 1443 1388 1521 et

310 1534 468 1627 quoniam
484 1532 550 1611 tuis
565 1532 599 1611 in
614 1556 654 1599 eo
671 1544 760 1599 statu
769 1549 921 1614 vacasse
925 1555 994 1599 uon
1013 1532 1173 1620 arbitror,
1188 1535 1313 1603 extimo
1330 1533 1385 1604 illa

309 1640 483 1726 Caesareae,
500 1638 561 1707 tibi
578 1637 713 1732 quidem
730 1662 867 1735 prorsus
881 1636 1050 1726 indebitae,
1065 1638 1166 1716 finisse
1177 1639 1386 1731 clementiae,
1458 1679 1460 1686 ·

308 1748 452 1839 satisque
471 1769 633 1839 auguror,
653 1746 679 1813 si
697 1746 743 1813 sic
762 1758 829 1832 est,
845 1758 894 1831 te,
909 1757 947 1811 ut
968 1692 1137 1813 obstinato
1160 1744 1383 1843 erasanirno,

306 1852 514 1933 inhumatum
536 1851 633 1944 abjici
656 1849 819 1919 maluisse.
842 1851 966 1935 Cneius
983 1850 1119 1945 quidem
1139 1854 1336 1947 Pompeius,
1351 1870 1384 1924 et

305 1958 447 2039 humero
469 1971 503 2026 et
523 1956 606 2026 laevo
629 1982 726 2026 crure
740 1957 881 2044 saucio,
900 1957 988 2024 inter
1009 1957 1134 2027 medias
1156 1959 1279 2049 eadee,
1301 1987 1383 2056 prae·

304 2064 357 2144 lio„
370 2062 502 2159 pulsus,
517 2064 655 2133 excessit
677 2088 684 2131 :
702 2062 794 2131 hunc
813 2063 847 2129 in
863 2060 1002 2151 lectica,
1020 2063 1111 2157 quod
1129 2089 1191 2133 nec
1209 2091 1381 2161 equonec

303 2169 458 2239 vehiculo
489 2169 538 2237 uti
561 2183 690 2263 posset,
720 2192 896 2237 nemorosa
923 2170 1003 2257 avia
1020 2185 1270 2263 penetrantem,
1291 2174 1380 2270 'fuga

302 2275 420 2353 humili
434 2290 468 2345 et
478 2273 628 2362 occulta,
645 2288 743 2369 atque
759 2276 793 2342 iu
811 2273 977 2369 speluncis
995 2275 1198 2365 latitantem,
1212 2282 1378 2353 Cesonius

302 2384 441 2462 Caesaris
453 2382 580 2477 legatus
594 2383 801 2451 resistentem
814 2380 939 2469 adhuc,
953 2396 986 2451 et
1000 2384 1127 2453 misera
1140 2386 1213 2479 spei
1221 2386 1378 2482 reliquias

301 2489 507 2560 refoventem
526 2502 714 2576 assecutus,
729 2487 773 2556 ad
793 2490 999 2576 Lauronem,
1016 2489 1051 2558 id
1072 2504 1123 2560 est
1139 2488 1213 2562 loco
1234 2520 1375 2584 nomen,

300 2596 499 2667 obtruncat:
519 2610 621 2689 caput
639 2594 681 2663 ad
703 2598 870 2665 Caesarem
889 2595 1047 2683 refertur,
1062 2596 1184 2667 talibus
1203 2617 1376 2672 assuetum

299 2705 513 2791 muneribus,
535 2727 604 2770 non
630 2702 840 2796 gaudentem.
872 2703 979 2795 Hujus
1012 2727 1209 2798 germanum
1233 2709 1375 2778 Sextum

298 2813 494 2905 Pompeium
509 2811 544 2876 in
559 2806 739 2877 Celtiberia
756 2807 968 2878 abscondisse
981 2808 1150 2880 forttmam
1163 2812 1318 2902 tradunt,
1330 2841 1374 2886 ne

297 2918 453 3012 quopiam
469 2914 596 2984 scilicet
609 2914 762 3002 deessent
780 2913 875 2983 bellis
887 2913 1042 2997 civilibus
1056 2915 1221 2987 alimenta.
1237 2922 1372 2992 Munda

295 3039 373 3117 post
393 3019 545 3116 praelium
571 3035 760 3114 expugnata
780 3021 916 3114 quidem
936 3044 956 3089 a
978 3024 1131 3111 Caesare,
1154 3024 1248 3094 sed
1239 3032 1371 3122 ingenti

293 3131 387 3223 prius
398 3128 579 3234 sanguinis
601 3127 737 3221 profusa
759 3125 895 3196 diluvio.
921 3129 986 3196 Per
1005 3154 1062 3198 eos
1083 3129 1154 3200 dies
1172 3151 1371 3255 oppugnata

293 3259 427 3304 rursum
450 3232 626 3322 Corduba,
639 3259 729 3352 quae,
744 3232 886 3351 qualiter
907 3233 1096 3324 defecisset,
1114 3262 1182 3306 non
1203 3241 1367 3334 invenio:

291 3343 403 3436 magni
424 3341 470 3409 ibi
490 3354 599 3408 motus
607 3341 755 3433 ,ingens
776 3340 810 3406 ιιι
828 3340 964 3409 civitate
986 3289 1148 3413 disserisio
1157 3360 1277 3439 ,parte
1297 3373 1368 3418 una

290 3447 333 3517 ad
356 3445 696 3533 caesarem,a1tera
687 3469 722 3512 ιιι
742 3447 949 3514 contrarium
972 3448 1175 3519 inclinante:
1191 3477 1365 3549 quumque

289 3568 377 3624 esset
396 3552 439 3621 ad
459 3575 552 3622 arma
572 3551 776 3639 discursum,
789 3553 872 3624 vicit
891 3577 969 3646 pars
986 3580 1061 3650 quae
1084 3557 1249 3626 Caesarem
1272 3560 1364 3630 cole·

287 3659 369 3746 bat,
390 3660 519 3752 sibique
544 3656 705 3752 oppidum
732 3659 860 3727 cessit:
884 3659 926 3728 de
952 3675 1047 3754 parte
1074 3663 1213 3732 adversa
1232 3665 1300 3736 duo
1328 3683 1365 3737 et

284 3768 405 3860 viginti
424 3764 525 3834 millia
539 3762 707 3852 cecidere,
726 3766 878 3858 quamvis
897 3791 1042 3861 magnae,
1062 3770 1138 3838 urbi
1153 3753 1295 3842 cuilibet
1306 3774 1362 3842 in·

283 3875 387 3966 signis
409 3886 544 3966 strages.
570 3871 683 3956 Caesar
708 3870 837 3966 Hispali
862 3872 1055 3967 digressus,
1084 3876 1200 3966 Idibus
1229 3879 1359 3972 Aprilis

284 3978 395 4060 Gades
417 3980 537 4073 petiit:
560 3978 636 4046 inde
655 4003 795 4067 rursum,
810 3979 973 4074 Hispalim
996 3981 1113 4069 rediit,
1131 3997 1169 4052 ut
1188 3985 1359 4078 Hispanas

281 4108 333 4154 res
357 4081 449 4155 uelut
474 4083 591 4176 ultima
620 4083 792 4155 voluntate
822 4084 1033 4179 disponeret,
1062 4113 1130 4184 quo
1158 4114 1358 4164 reversurus
