3000 5025
308 470 386 545 286
687 467 1003 540 PLUTARCHI
1033 493 1034 498 ¹

305 608 475 688 Τεύτονες,
491 606 562 672 ούτε
585 586 705 727 τόλμαν
726 603 845 693 ἐκείχων
872 592 1069 696 ὑπόδεέςεροι
1098 594 1262 682 δοκοῦντες
1289 601 1386 689 εἶναι,

304 711 357 781 καὶ
369 711 484 791 πλῆθος
499 717 622 804 ὁμαλῶς
643 710 812 802 τριάκοντα
833 710 886 803 μὲν
901 709 934 801 αἱ
948 714 1047 778 πᾶσαν
1061 699 1206 803 μυριάδες
1225 711 1329 795 ὄντες,
1343 708 1386 779 εἴ·

304 844 373 887 κοαι
390 810 420 885 δ’
444 819 476 884 αἱ
498 810 690 911 μαχόμεναι,
717 822 789 909 μιάς
811 808 947 884 δέουσαι.
976 818 1104 884 Τούτων
1128 818 1307 911 Τιγυρινοὺς
1331 818 1386 911 μὲν

302 929 361 993 οὐκ
380 925 489 1006 αὐτὸς,
503 918 751 1003 ἀλλάἈαύιηνὸς
768 922 914 1015 πεμφθεὶς
932 924 986 990 ὑπ’
999 925 1111 1007 αὐτοῦ,
1124 924 1192 1016 περὶ
1206 924 1260 991 τὸν
1275 907 1386 1018 Ᾰραρα

302 1034 447 1125 ποταμὸν
464 1027 651 1125 συνέτριψεν.
665 1015 850 1104 Ελύηττίων
866 1021 897 1095 δ’
907 1032 993 1117 αὐτῷ
1003 1030 1079 1121 πρός
1093 1054 1163 1096 τινα
1176 1028 1278 1097 πολιν“
1294 1029 1386 1122 φιλην

304 1124 414 1233 οἴγοντο
424 1140 481 1213 τὴν
495 1135 625 1233 ςρατιὰν
637 1188 647 1221 ,
660 1136 727 1204 καθ’
741 1128 815 1204 ὁδὸν
830 1126 1073 1229 ἀπροσδοκήτως
1086 1134 1284 1229 ἐπιθεμένων,
1305 1137 1386 1229 φθά-

302 1270 360 1324 σας
381 1244 431 1315 ἐπὶ
448 1244 559 1338 χωρίον
577 1245 724 1337 καρτερὸν
738 1244 902 1337 κατέφυγε.
918 1243 1018 1310 Κάκεῖ
1029 1244 1207 1338 συναγαγὼν
1221 1242 1273 1310 καὶ
1286 1270 1387 1337 παρα-

302 1346 401 1430 τάξας
423 1354 480 1426 τήν
499 1343 648 1443 δύναμιν,
667 1357 708 1429 ῶς
724 1352 819 1427 ίππος
842 1353 928 1436 αὐτῷ
949 1347 1120 1441 προσήχθη·
1151 1365 1170 1400 «
1193 1352 1308 1437 Τούτῳ
1331 1352 1385 1443 μὲν

307 1473 325 1509 ί(
340 1452 353 1543 (
361 1460 417 1549 ἔφη
428 1454 573 1542 )νυιήσας
582 1460 740 1553 χρήσομαι
749 1459 826 1549 πρὸς
837 1458 895 1531 τήν
910 1446 1023 1534 δίωξιν·
1033 1464 1085 1522 νῶν
1100 1448 1131 1522 δ’
1143 1456 1235 1548 ἴωμεν
1247 1457 1300 1523 έπὶ
1314 1459 1384 1535 τοὺς

307 1592 325 1627 α
340 1563 514 1656 πολεμίους·
529 1592 546 1629 ν
564 1563 615 1631 καὶ
629 1558 720 1643 πεζὸς
732 1565 867 1656 ὁρμήσας
881 1557 1004 1629 ένέύαλε
1014 1559 1036 1628 ².
1047 1564 1157 1656 Χρόνῳ
1171 1554 1206 1629 δὲ
1220 1561 1272 1630 καὶ
1286 1570 1385 1656 χαλε·

303 1678 369 1748 πῶς
394 1670 549 1762 ὠσάμενος
568 1671 606 1751 τὸ
627 1668 864 1763 μάχιμον,περὶ
882 1676 951 1747 ταῖς
967 1662 1100 1762 ἀμάξαις
1122 1668 1174 1737 καὶ
1200 1680 1247 1758 τῷ
1268 1671 1384 1771 χάρακι

301 1777 357 1843 τὸν
375 1781 501 1854 πλεῖς-ον
521 1778 590 1869 ἔσχε
611 1776 720 1859 πόνον,
735 1779 791 1843 οὐκ
810 1777 911 1842 αὐτῶν
934 1776 1026 1867 μόνον
1044 1778 1237 1867 ύφιςαμένων
1256 1776 1383 1844 έκεῖκαὶ

263 1952 265 1955 ,
303 1883 503 1974 μαχομένων,
526 1880 682 1949 ἀλλὰκαὶ
708 1873 818 1960 παῖδες
841 1884 942 1949 αὐτῶν
962 1882 1014 1950 καὶ
1035 1888 1174 1977 γυναῖκες
1193 1882 1383 1976 ἀμυνόμεναι

303 1990 393 2081 μέχρι
411 1988 545 2056 θανάτου
563 1986 859 2083 συγκατεκόπησαν,
874 1992 935 2064 ῶςε
957 1990 1015 2062 τήν
1030 1989 1134 2081 μάχην
1159 1989 1247 2080 μόλις
1260 1988 1303 2067 εἰς
1327 1993 1382 2082 μέ·

301 2120 359 2173 σας
375 2097 488 2173 νύκτας
505 2101 698 2169 τελευτῶσαι.
721 2096 820 2180 Καλῷ
838 2083 873 2159 δὲ
892 2101 938 2180 τῷ
958 2104 1016 2172 τῆς
1043 2093 1127 2173 νίκης
1145 2096 1224 2189 ἔργῳ
1240 2103 1383 2189 κρεῖττον

302 2200 458 2283 ἐπέθηκε,
471 2202 509 2269 τὸ
535 2198 703 2269 συνοικίσαι
729 2200 801 2279 τοὺς
825 2191 1032 2294 διαφυγόντας
1050 2204 1087 2269 ε’κ
1105 2212 1162 2279 τῆς
1185 2200 1288 2293 μάχης
1317 2212 1381 2277 τῶν

303 2300 506 2399 (παρόντων)
517 2302 680 2400 βαρύάρων
689 2356 699 2389 ,
709 2307 761 2373 καὶ
771 2306 1006 2400 καταναγκάσαι
1019 2307 1076 2376 τὴν
1086 2311 1188 2401 χώραν
1202 2303 1380 2392 ἀναλαύεῒν,
1445 2326 1448 2338 “

301 2411 336 2485 ἢν
358 2411 524 2496 ἀπέλιπον,
539 2414 590 2481 καὶ
608 2411 665 2491 τὰς
686 2414 805 2495 πόλεις,
827 2408 863 2491 ἀς
883 2405 1068 2507 διέφθειραν,
1092 2416 1183 2493 όντας
1203 2415 1279 2508 ὑπὲρ
1302 2407 1381 2483 δέκα

301 2510 463 2613 μυριάδας.
489 2500 612 2614 Ε’πραξε
638 2510 673 2586 δέ
696 2529 811 2604 τοῦτο,
835 2510 964 2604 δεδιὼς,
987 2524 1029 2614 μή
1057 2525 1115 2596 τήν
1139 2525 1241 2615 χώραν
1267 2524 1379 2616 έρημον

300 2627 463 2720 γενομένην
483 2628 511 2695 οἱ
525 2626 674 2720 Γερμανοὶ
689 2617 708 2692 δ
711 2621 853 2706 ιαύάντες
867 2627 1057 2720 κατάσχωσι.

354 2735 449 2801 ΧΙΧ.
468 2736 612 2828 Δεύτερον
636 2726 672 2800 δέ
690 2735 766 2827 πρὸς
780 2735 952 2828 Γερμανοὺς
970 2732 1129 2828 ἀντικρους
1149 2735 1224 2827 ὑπὲρ
1248 2737 1378 2804 Κελτῶν

300 2841 486 2932 ἐπολέμησε,
505 2840 607 2909 καίτοι
620 2842 674 2907 τὸν
694 2841 824 2924 βασιλέα
836 2841 984 2934 πρότερον
1000 2845 1117 2925 αὐτῶν,
1132 2831 1328 2935 Ᾰριόύυςον,
1348 2845 1377 2910 ίν

300 2930 393 3040 Ῥώμη
409 2949 572 3040 σύμμαχον
585 2949 799 3038 πεποιημένος·
814 2948 883 3014 ἀλλ’
896 2943 973 3019 ἦσαν
988 2948 1138 3043 ἀφόρητοι
1151 2954 1217 3025 τοῖς
1230 2950 1377 3027 ὑπηκόοις

301 3054 397 3118 αὐτοῦ
417 3051 566 3146 γείτονες,
591 3053 643 3120 καὶ
664 3063 771 3146 καιροῦ
795 3044 1010 3146 παραδόντος,
1033 3058 1089 3122 οθκ
1113 3038 1154 3121 ’ἀν
1175 3045 1304 3122 ἐδόκουν
1328 3054 1376 3123 ἐπὶ
1473 3096 1476 3119 .

300 3164 369 3235 τοῖς
383 3168 528 3251 παροῦσιν
546 3160 741 3254 ἀτρεμήσειν,
757 3161 827 3225 ἀλλ’
836 3159 1067 3251 ἐπινεμήσεσθαι
1089 3161 1141 3228 καὶ
1160 3155 1296 3239 καθέξειν
1319 3163 1374 3236 τὴν

301 3263 470 3332 Γαλατίαν.
485 3250 574 3359 (δρῶν
596 3257 630 3333 δὲ
648 3267 719 3344 τοὺς
738 3267 889 3360 ἡγεμόνας
908 3257 1169 3350 ἀποδειλιῶντας,
1183 3265 1234 3334 καὶ
1256 3269 1375 3360 μάλιςα

300 3373 365 3438 όαοι
388 3377 450 3437 τῶν
476 3374 628 3461 ἐπιφανῶν
649 3371 700 3439 καὶ
721 3373 794 3437 νέων
818 3375 904 3458 αὐτῷ
925 3365 1119 3457 συνεξῆλθον,
1142 3378 1183 3450 ῶς
1205 3365 1245 3447 δή
1275 3383 1373 3468 τρυφῇ

298 3478 481 3572 χρησόμενοι
496 3478 547 3545 καὶ
567 3487 774 3572 χρηματισμῷ
795 3488 834 3571 τῇ
849 3475 930 3570 μετὰ
949 3477 1106 3572 Καίσαρος
1123 3478 1265 3572 ςρατείᾳ·
1281 3507 1372 3548 συνα-

298 3585 401 3677 γαγὼν
431 3583 470 3662 είς
494 3583 673 3669 ἐκκλησίαν,
693 3584 845 3650 ἐκέλευσεν
873 3583 1013 3667 ἀπιέναι,
1038 3585 1090 3653 καὶ
1116 3589 1157 3679 μή
1191 3577 1370 3655 κινδυνεύειν

297 3685 383 3782 παρὰ
407 3693 547 3784 γνώμην,
568 3694 666 3768 οὕτως
692 3682 848 3784 ἀνάνδρως
865 3689 918 3757 καὶ
942 3698 1088 3784 μαλακῶς
1114 3694 1254 3784 ἔχοντας·
1281 3694 1371 3770 αὐτὸς

298 3787 329 3861 δ’
339 3797 394 3887 ἔφη
407 3798 445 3864 τὸ
460 3789 591 3865 δέκατον
602 3797 709 3891 τάγμα
722 3799 813 3890 μόνον
825 3793 1030 3890 παραλαόὼν,
1044 3788 1093 3866 ἐπὶ
1106 3801 1179 3877 τοὺς
1200 3795 1370 3893 βαρόάρους

295 3902 508 3996 πορεύσεσθαι,
527 3906 606 3998 μήτε
630 3903 786 3999 κρείττοσι
802 3905 920 4000 μέλλων
939 3899 1086 3998 Κίμύρων
1105 3905 1257 3999 μάχεσθαι
1279 3913 1369 3975 πολε·
1450 3938 1457 3954 ·

311 4055 317 4078 ’·
341 4079 366 4112 1.
380 4059 517 4126 Bibracte,
532 4055 651 4130 (Ααιυιι)
667 4061 813 4118 maximum
900 4079 926 4115 ι.
938 4061 1004 4116 Cas.
1014 4061 1121 4126 B.G.1,
1133 4062 1178 4124 25,
1190 4061 1369 4139 πῶῦιταριί·
1484 4124 1485 4129 ¹

296 4138 446 4198 AEduorum
458 4137 598 4212 oppidum.
857 4160 932 4196 mum
939 4139 1367 4216 suo,deindeomniumequia,etc.
