3000 5025
318 479 390 555 158
521 480 550 547 J.
580 478 738 547 CELSI
766 466 1171 545 COMMENTARII

311 615 408 687 solito
428 612 558 683 fortiter
572 636 606 681 se
620 610 785 696 habeant,
802 621 838 679 et
847 605 1013 703 -globatim
1030 607 1211 703 prodeant,
1224 634 1293 703 quo
1305 636 1391 707 pau·

309 723 417 794 citatis
437 721 550 815 opinio
572 717 724 789 hostibus
753 730 922 810 augeatur.
946 718 1025 809 Ipse
1051 730 1117 784 tres
1145 717 1179 783 in
1205 716 1316 787 fronte
1342 719 1390 788 le·

310 832 443 925 giones,
471 840 596 921 quanto
622 826 728 918 quivit
760 825 905 909 arctius,
926 821 1163 916 impedimenta
1191 824 1225 889 in
1252 826 1391 911 medio,

310 936 477 1029 legionem
490 956 591 1001 unam
606 933 640 999 in
656 931 722 1001 fine
742 931 936 999 constiutit:
957 952 1066 1024 neque
1087 944 1199 997 tamen
1212 929 1279 999 hoc
1295 957 1390 1001 com-

309 1056 423 1112 mento
445 1034 558 1110 hoitcs
579 1037 700 1108 elicuit.
720 1039 793 1106 Etsi
811 1038 901 1105 enim
919 1034 993 1105 illos
1003 1036 1047 1114 ad
1064 1034 1217 1133 praelium
1236 1041 1391 1132 paucitas

309 1150 517 1235 hortaretur,
544 1146 673 1215 subitus
696 1159 809 1213 tamen
845 1143 1087 1213 dehortabatur
1113 1132 1296 1232 advenas,
1331 1149 1391 1239 qui

309 1248 369 1346 (ut
389 1248 480 1345 erat)
498 1254 641 1348 ingentis
661 1250 781 1347 plenus
797 1250 928 1320 fiducia
948 1250 1142 1337 videbatur3
1160 1249 1235 1319 loco
1253 1275 1326 1321 sese
1341 1252 1390 1321 al·

308 1364 394 1431 tiore
414 1362 660 1431 continuerunt.
682 1362 795 1428 Caesar
806 1371 915 1427 castra
926 1357 1078 1427 hostibus
1093 1359 1391 1452 posuitviciniora,

309 1469 506 1539 communiit
528 1465 615 1536 vallo
637 1490 739 1560 supra
765 1489 980 1535 communem
1005 1465 1162 1550 modurn,
1180 1488 1220 1533 ac
1237 1467 1390 1536 turribus

310 1575 436 1644 crebris
451 1587 485 1643 et
503 1572 640 1642 validis:
654 1572 687 1641 id
701 1571 826 1667 duplici
837 1572 989 1641 fiebatex
1000 1580 1115 1660 causa,
1129 1584 1168 1640 ut
1184 1586 1219 1640 et
1233 1571 1390 1643 hostibus

308 1679 465 1751 fiduciam
486 1682 600 1775 opinio
616 1682 848 1749 Romanorum
865 1693 975 1749 metus
996 1691 1215 1767 accresceret,
1231 1694 1265 1748 et
1280 1704 1389 1774 quum

308 1787 456 1883 legiones
471 1786 666 1883 pabulatum
680 1782 813 1881 longius
822 1785 1129 1881 proficiscerentur,
1139 1788 1236 1880 pauci
1249 1802 1393 1881 possent

309 1894 361 1989 de¹
374 1919 409 1965 se
430 1895 530 1964 fortia
561 1893 706 1963 claustra
732 1892 912 1963 defendere
935 1920 944 1962 ε
975 1895 1011 1963 in
1031 1892 1143 1961 medio
1166 1906 1391 1988 utrorumque

309 2015 511 2086 castrorum,
530 2001 582 2070 his
609 2014 708 2094 atque
733 1999 796 2069 illis
819 2000 1036 2093 urgentibus,
1056 2024 1142 2095 saepe
1156 1998 1283 2071 levibus
1300 2025 1390 2095 prae·

308 2107 360 2178 liis
378 2108 586 2196 certabatur3
608 2120 642 2175 et
669 2130 758 2201 saepe
777 2108 909 2175 romani
931 2106 1161 2202 pabulatores,
1182 2105 1263 2178 locis
1285 2107 1390 2205 longe

309 2214 440 2310 lateque
458 2213 676 2297 distantibus,
690 2238 760 2306 quo
779 2237 836 2282 eos
855 2237 915 2281 sua
935 2237 1101 2309 quemque
1124 2216 1302 2285 necessitas
1329 2240 1390 2283 ur-

308 2322 424 2417 gebat,
447 2346 533 2390 unus
555 2319 704 2414 alterque
719 2319 1076 2415 deprehendebantur:
1096 2320 1203 2414 quod,
1220 2324 1283 2391 etsi
1299 2347 1390 2392 non·

291 2513 294 2518 Ι
307 2426 431 2497 nullius
442 2426 556 2496 damni
569 2442 670 2511 esset,
693 2451 789 2521 aequo
811 2441 923 2496 tamen
936 2428 969 2496 id
984 2429 1097 2497 animo
1113 2426 1241 2497 ferebat
1256 2431 1388 2520 Cesar,

307 2535 532 2604 barbarorum
551 2559 626 2629 spes
644 2534 797 2604 inanibus
814 2537 992 2629 parvisque
1012 2535 1219 2606 successibus
1233 2537 1388 2607 inescan-

307 2641 366 2711 das
391 2667 536 2736 sperans.
560 2641 751 2711 Accedebat
779 2640 936 2710 auxilium
962 2665 1200 2737 germanorum
1229 2646 1386 2737 equitum

306 2773 445 2843 percos
468 2749 537 2818 dies
559 2773 578 2816 a
606 2750 763 2818 Commio
787 2749 946 2818 Atrebate
966 2749 1205 2837 deductorum,
1223 2752 1298 2844 qui,
1324 2754 1389 2820 etsi

306 2858 405 2950 pauci
424 2871 547 2943 essent,
569 2878 689 2949 nempe
710 2878 780 2923 non
801 2853 914 2949 plures
931 2856 1139 2951 quingentis,
1158 2871 1322 2926 auxerant
1336 2873 1388 2928 ta·

306 2987 383 3030 men
402 2987 477 3056 spes
496 2961 681 3031 Gallorum.
702 2962 763 3030 His
780 2964 881 3030 etiam
899 2959 981 3031 illud
999 2962 1150 3032 additum
1169 2987 1274 3032 :nam
1298 2965 1389 3035 Rhe·

305 3093 438 3138 morum
452 3069 598 3162 equites,
611 3068 691 3136 dum
703 3069 832 3137 avidius
846 3068 998 3137 hostibus
1012 3068 1186 3157 insultant,
1199 3070 1235 3137 in
1247 3071 1387 3142 insidias

305 3174 407 3270 lapsi,
426 3174 619 3269 praefectum
643 3177 808 3269 equitatus
831 3189 865 3243 et
886 3177 1072 3270 principem
1093 3178 1235 3245 civitatis
1262 3181 1386 3249 amise-

305 3296 397 3370 rant,
409 3283 600 3352 Vertiscum
619 3273 771 3371 nomine,
789 3284 899 3351 virum
913 3281 1145 3376 grandaevum,
1164 3282 1223 3353 sed
1234 3287 1385 3378 peritum

305 3387 400 3476 belli;
419 3391 494 3483 qui,
516 3385 692 3460 Gallorum
709 3413 818 3477 more,
837 3388 1003 3458 laborioso
1022 3388 1170 3460 delectus
1188 3387 1321 3481 officio,
1340 3416 1384 3462 ne

305 3497 354 3563 uti
364 3495 498 3590 quidem
510 3497 600 3590 justa
614 3497 718 3565 aetatis
732 3497 944 3564 excusatione
957 3513 1178 3567 consenserat.
1194 3501 1385 3568 Creverant

305 3602 456 3672 hostibus
475 3605 576 3672 animi
599 3603 664 3671 hoc
692 3615 847 3670 eventu:
876 3603 951 3692 sed,
973 3629 1049 3698 qua
1073 3604 1171 3674 facile
1195 3619 1383 3695 crescunt,

305 3710 372 3778 cito
393 3710 560 3780 occidunt.
580 3707 684 3777 Paulo
701 3723 797 3802 post,
815 3711 1079 3799 Germanorum,
1094 3713 1153 3806 qui
1166 3712 1230 3780 sub
1246 3713 1383 3781 Caesare

305 3830 419 3904 erant,
433 3817 559 3912 aliquot
574 3817 722 3908 equitum
740 3817 876 3886 incursu
891 3820 1037 3912 primum
1050 3818 1185 3911 quidem
1199 3816 1277 3895 loco
1285 3823 1383 3907 moti,

304 3947 382 3992 mox
405 3925 449 3992 inv
462 3923 576 4016 sugam
597 3923 704 4012 versi,
724 3924 899 3994 resistendi
917 3929 1138 3995 constantiam
1160 3928 1319 4012 amisere3
1333 3924 1382 3997 nil

304 4030 460 4124 deinceps
478 4030 548 4098 ausi
564 4028 626 4099 nisi
640 4053 700 4125 per
718 4031 870 4118 insidias,
892 4032 1010 4127 hisque
1025 4032 1106 4126 ipsis
1120 4031 1297 4102 infeliciter
1310 4034 1381 4119 usi,

303 4152 336 4206 et
362 4135 622 4206 eurumfraude
647 4161 786 4208 romana
807 4141 933 4209 virute
955 4151 1128 4235 superata,
1147 4141 1298 4233 equitum
1318 4161 1378 4232 pe
