3000 5025
274 485 295 531 a
492 456 511 521 J
520 451 643 520 OAN.
685 448 877 517 GEORG.
915 448 1122 518 GRAEVII

272 591 380 677 tariis,
401 609 485 681 quos
506 583 668 652 habemus
686 580 728 649 de
750 578 838 649 bello
857 577 989 650 Gallico
1011 594 1045 648 et
1067 578 1173 670 bivili,
1194 606 1238 651 ac
1260 586 1290 652 si
1315 584 1367 654 illi

273 695 357 767 falso
377 692 467 763 Julio
489 691 614 761 Caesari
634 687 879 773 tribuerentur,
901 711 980 755 oum
1010 686 1143 757 illorum
1166 712 1296 783 parcns
1319 694 1366 761 sit

271 795 378 873 Julius
400 799 534 887 Celsus,
554 796 633 890 quia
654 794 733 864 huic
753 792 987 863 adscribantur
1008 796 1043 862 in
1064 793 1235 865 nonnullis
1257 798 1364 869 Mss.

272 925 350 979 uta
373 911 501 977 Joanne
523 901 765 988 Salisberiensi‚
786 901 967 970 Vincentio
983 902 1018 968 in
1040 900 1195 994 speculo,
1213 919 1366 975 auctore

272 1015 465 1112 Margaritae
483 1011 638 1107 poeticae,
659 1008 717 1101 qui
734 1026 804 1077 non
825 1030 934 1103 pauca
958 1031 999 1076 ex
1017 1008 1148 1077 cesare
1171 1008 1365 1107 depromp-

273 1124 391 1210 serint,
412 1143 485 1214 quae
507 1115 595 1186 Julio
614 1112 713 1184 Celso
735 1112 926 1209 adsignent,
941 1113 1090 1207 subjicit,
1105 1114 1196 1186 hunc
1210 1142 1364 1213 scrupu-

272 1229 342 1320 lum
374 1228 436 1297 sibi
467 1224 625 1293 exemisse
655 1220 846 1291 Gerardnm
866 1222 1043 1291 ioannem‘
1064 1223 1232 1296 Vossium.
1267 1227 1364 1296 Eum

273 1339 362 1405 enim
381 1333 507 1421 docere
523 1327 612 1399 Celsi
636 1314 896 1397 commentarios
919 1316 968 1406 δὶς
993 1318 1176 1396 itimaros
1209 1352 1229 1398 a
1263 1357 1363 1402 com.

272 1441 443 1515 menteriis
462 1437 602 1508 Caesaris
620 1433 774 1523 differre,
792 1451 833 1503 ut
850 1439 978 1521 sciunt,
1001 1435 1105 1503 verba
1127 1451 1206 1505 sunt
1225 1440 1363 1529 Vossii‚

271 1556 334 1645 qui
370 1572 447 1619 eum
483 1547 623 1617 caesare
661 1543 881 1612 contulerim!
915 1542 1098 1612 wionem
1138 1545 1232 1613 Celsi
1271 1553 1367 1616 antii

272 1676 517 1729 mccccnxxin.
545 1648 652 1721 Paulo
677 1664 755 1744 post
781 1650 948 1719 subnectit
972 1649 1025 1718 his
1055 1648 1264 1721 Goduinus:
1291 1679 1362 1749 ego

271 1782 355 1835 vero
351 1764 484 1856 fateor
492 1756 722 1850 meejusmodi
728 1758 820 1828 Celsi
827 1757 1108 1827 editionemunno
1116 1781 1363 1831 mccccuxxnr

259 1871 433 1961 factam,
456 1870 613 1961 quamuis
632 1863 753 1932 sedulo
773 1869 809 1932 in
832 1864 1057 1933 celeberrimis
1076 1863 1291 1936 bibliothecis
1305 1893 1362 1937 re-

272 1982 435 2072 qru'sitam
456 1996 527 2043 non
545 1975 718 2041 mueniase.
734 1971 868 2065 Accipis
884 1971 986 2064 igitur
999 1994 1090 2039 nune
1103 1972 1158 2039 hic
1174 1970 1249 2041 illos
1263 1999 1361 2068 quae·

273 2085 373 2170 sitos,
391 2095 426 2150 et
453 2104 474 2147 a
495 2076 609 2147 multis
629 2077 709 2144 viris
730 2075 838 2145 doctis
864 2078 1027 2171 expetitos
1048 2074 1126 2144 Julii
1148 2076 1236 2146 Celsi
1260 2104 1360 2150 com-

272 2190 463 2258 mentarios.
481 2187 571 2255 Nam
587 2184 680 2251 bunc
692 2182 853 2272 indicem,
867 2184 980 2276 magni
994 2184 1105 2255 Vossii
1117 2186 1359 2257 auctoritatem

272 2297 395 2383 secuti,
408 2292 638 2389 praefixerunt,
653 2290 805 2383 quamvis
818 2314 882 2358 nec
893 2292 927 2358 in
935 2289 1045 2358 fronte
1056 2288 1159 2378 illius,
1174 2291 1266 2361 unde
1281 2293 1359 2366 haec

271 2402 401 2499 prodit,
419 2399 572 2471 editionis
590 2396 735 2468 auctoris
758 2421 898 2485 nomen,
919 2410 978 2464 aut
998 2397 1101 2491 ipsius
1125 2396 1200 2465 libri
1225 2414 1261 2469 et
1284 2402 1359 2497 ejus

271 2508 460 2606 argumenti
482 2504 655 2600 inscriptio
676 2503 917 2598 conspiciatur,
938 2529 1001 2574 nec
1022 2504 1058 2572 in
1084 2502 1191 2594 calce,
1217 2506 1254 2577 in
1288 2535 1359 2605 qua

270 2630 402 2687 tantum
424 2614 567 2710 legitur:
591 2611 753 2708 Explicit
771 2610 863 2680 liber.
885 2613 963 2680 Deo
979 2615 1129 2706 gratius.
1152 2614 1264 2687 Anno
1279 2614 1358 2688 Do.

270 2729 356 2799 mini
373 2741 625 2806 mccocnxxm,
647 2732 686 2786 ut
707 2719 829 2800 rectius
851 2719 1047 2812 scriptorem
1060 2717 1162 2813 hujus
1181 2745 1357 2793 commen·

270 2831 346 2902 tarii
367 2830 549 2924 Dionysius
572 2826 712 2898 Vossius
740 2849 946 2919 anonymum
970 2841 1078 2897 vocet
1110 2828 1210 2904 Certe
1244 2825 1358 2900 Julius

271 2935 389 3007 Celsus
415 2938 451 3006 in
475 2934 532 3004 illo
553 2925 728 3020 laudatur,
753 2947 792 3003 ut
817 2931 906 3001 Celsi
927 2957 998 3004 esse
1025 2959 1094 3002 non
1124 2933 1239 3031 possit
1263 2936 1357 3009 Nam

271 3068 377 3140 quum
397 3043 424 3110 is
443 3052 737 3111 commemorasset
753 3037 882 3109 cladem
896 3035 1058 3112 Romanae
1072 3038 1194 3134 legioni
1209 3041 1253 3109 ab
1271 3043 1356 3112 Am·

271 3150 399 3246 biorige
410 3146 553 3227 illatam:
569 3145 805 3234 admonuuse,
821 3147 1109 3240 inquit‚lectorem
1122 3147 1244 3226 vellem
1258 3151 1362 3245 quod·

272 3259 457 3330 Suetonius
486 3252 726 3348 Tranquillus,
754 3268 879 3327 auctor
901 3258 1130 3342 certissimus,
1162 3254 1356 3327 Gennana-

272 3389 347 3458 rum
367 3365 433 3437 ltoc
454 3361 637 3454 infinibus
661 3361 830 3432 accidisse
854 3366 938 3433 ait:
965 3363 1076 3431 Julius
1096 3377 1212 3433 autem
1236 3363 1357 3435 Celsus

272 3461 404 3560 comes,
421 3486 458 3540 et
472 3473 535 3564 qui
547 3466 648 3538 rebus
669 3469 844 3561 interfuit,
861 3466 1062 3549 Eburonum
1081 3472 1118 3538 in
1125 3463 1358 3562 stui'busfac·

273 3594 345 3648 tum
362 3592 485 3650 censet.
501 3577 655 3646 Meminit
671 3579 771 3656 etiam
787 3573 876 3646 Celsi
892 3576 926 3641 in
939 3574 1010 3645 aliis
1026 3567 1124 3662 locis,
1138 3577 1172 3645 in
1186 3577 1303 3669 primis
1319 3578 1355 3646 in

273 3683 349 3774 illo,
373 3686 430 3756 ubi
454 3698 569 3761 aurat
591 3686 757 3768 Caesarem
778 3682 932 3760 Bibracte
953 3681 1102 3761 hiemare
1122 3683 1354 3774 constituisse,

163 3798 166 3802 ’
275 3791 318 3860 de
337 3817 405 3888 quo
427 3793 497 3886 ipsc
519 3793 631 3871 Cesar
651 3792 721 3886 agit
740 3791 775 3858 in
797 3790 1038 3864 Commentarii
1055 3787 1249 3884 septimi‘de
1264 3790 1354 3861 bello

276 3897 407 3969 Gallico
431 3897 507 3968 fine.
531 3901 620 3984 Hic,
644 3897 769 3991 inquit,
788 3900 909 3995 incipit
927 3911 1070 3969 octavus
1091 3903 1352 3968 commentorib-

276 4030 351 4078 rum
369 4004 455 4076 liber
467 4005 671 4100 quemfecit
685 4004 796 4072 Julius
806 4005 1078 4102 Celsiu35epteni
1092 4022 1207 4079 utitem
1216 4011 1352 4102 prmius

276 4128 313 4182 et
333 4137 440 4208 usque
466 4113 519 4182 ad
539 4112 631 4184 huuc
647 4135 796 4208 passum
811 4113 911 4205 farcit
933 4118 1007 4210 mse
1033 4115 1174 4200 Caesar,
1197 4116 1354 4210 quamuis
