3000 5025
242 494 553 565 INTERPRES
581 493 821 562 GRAECUS.
852 494 947 562 LIB.
970 495 1060 563 VII.
1115 492 1188 567 525
1292 522 1296 530 ·

100 627 305 702 ποιήσασθαι.
330 630 371 695 Οἱ
394 621 430 695 δέ
460 619 498 703 δη
526 613 652 706 Εδουεῖς
685 638 780 695 τοῦτο
809 621 924 721 θαρέως
957 629 1118 721 φέροντες,
1141 637 1190 700 ύτι

101 733 270 827 προςάται
294 746 350 803 τοῦ
368 737 504 828 πολέμου
526 737 581 801 οῦκ
599 725 848 825 ἀπεδείχθησαν,
868 737 926 809 πάν
952 759 988 800 τε
1013 746 1070 814 τῆς
1094 741 1190 831 τύχης

52 904 56 910 .
103 836 290 931 μεταῦολῆν
316 841 490 924 αἰτιῶντις,
507 839 559 908 καὶ
577 851 633 919 τῆς
657 849 714 908 τοῦ
733 838 891 932 Καίσαρος
913 841 989 932 πρὸς
1011 845 1122 921 αὐτοὺς
1140 850 1190 912 εῦ-

100 947 191 1026 νοίας
222 946 351 1041 ἰσχυρῶς
378 947 615 1040 ἐπιθυμοῦντες,
644 950 726 1040 ὅμως
760 957 817 1014 τοῦ
843 949 980 1038 πολέμου
1006 941 1191 1042 ἀρξάμενοι,

100 1052 201 1148 χωρὶς
232 1061 292 1121 τῶν
319 1051 420 1122 ἀλλων
449 1047 645 1120 ὅουλεύεσθαι
668 1055 724 1120 οὐκ
746 1053 897 1143 ε’τύλμων.
919 1042 1069 1133 Ᾱίκυντες
1089 1047 1191 1124 δὲκαὶ

102 1147 312 1253 Επορέδορύξ
330 1187 381 1242 τε,
398 1161 450 1227 καὶ
468 1149 669 1252 Βιριδύμαρυς
683 1169 729 1244 τῷ
742 1160 994 1254 Βερκιγγετύρυγι
1008 1160 1174 1230 ἐπείθοντο.

137 1310 140 1316 ·
161 1269 289 1336 LXIV.
313 1252 397 1334 Οδέ
416 1259 655 1360 Βερκιγγέτορυξ
679 1267 810 1362 θμύρυυς
835 1271 903 1342 ταῖς
933 1261 1041 1344 ἄλλαις
1068 1269 1191 1336 πολεσιν

104 1376 291 1467 έπιίγγειλε,
305 1371 357 1440 καὶ
381 1374 474 1464 ῥητιίν
491 1397 561 1438 τινα
582 1375 698 1464 ἡμέραν
713 1365 883 1464 προλίξας,
898 1373 928 1437 ἐν
946 1375 1046 1466 ταύτῃ
1072 1375 1192 1455 πάντας

103 1482 183 1558 τοὺς
199 1480 310 1557 ἱππέας
324 1470 714 1568 πεντεκαιδεκακισχιλίους
733 1479 825 1555 ὄντας
843 1483 919 1570 πρὸς
936 1480 1045 1546 ἑαυτὸν
1063 1484 1193 1549 συνιέναι

105 1584 241 1654 ἐκέλευε·
257 1595 296 1680 τῇ
311 1587 450 1680 παρούσῃ
469 1579 578 1678 πεζικῇ
598 1576 726 1676 δυνάμει
743 1584 843 1676 ἀρκεῖν
863 1586 949 1670 αὐτῷ
965 1587 1073 1679 λέγων·
1089 1592 1122 1654 οὐ
1138 1589 1192 1681 μὲν

104 1691 168 1787 γὰρ
190 1702 247 1770 τῆς
271 1693 367 1782 τύχης
385 1689 600 1785 πειράσεσθαι,
621 1691 691 1757 οὔτε
713 1690 815 1781 μάχην
837 1686 991 1780 συνάψειν·
1016 1691 1097 1760 ἀλλὰ
1122 1697 1192 1780 ὅτι,

106 1803 183 1892 ἔφη,
192 1799 348 1871 τοσαύτην
362 1799 456 1866 ’ίππον
470 1799 597 1888 ἔχομεν,
613 1800 705 1888 ρᾷςον
719 1801 792 1888 ἡμῖν
808 1798 958 1879 ίςαι,τοῦ
975 1823 1010 1864 τε
1022 1793 1193 1888 ληίζεσθαι,

107 1905 165 1974 καὶ
188 1913 246 1972 τοῦ
273 1903 323 1972 ἀπὶ
352 1901 410 1982 τὰς
441 1900 596 1996 προνομὰς
620 1902 693 1968 ἰέναι
712 1903 785 1980 τοὺς
808 1888 968 1994 Ρωμαίους
992 1905 1192 1974 ἀποκωλύειν·
1217 1961 1223 1970 ,

110 2013 231 2106 μόνον,
251 2013 323 2102 ἔφη,
347 2015 430 2102 ὑμεῖς
462 2010 515 2076 τίν
543 2033 578 2075 τε
597 2017 681 2076 σῖτον
706 1999 915 2102 διαφθείρετε,
938 2009 990 2076 καὶ
1011 2009 1054 2078 τὰ
1072 2006 1194 2083 οἷκοδο-

109 2121 251 2211 μιίματα
281 2116 394 2184 καίετο·
426 2113 447 2209 τί
475 2113 644 2210 χρημάτων
673 2105 798 2209 δαπάνῃ
814 2166 824 2198 ,
842 2106 1043 2184 ἀδιάλειπτον
1077 2121 1194 2190 ελευθε-

111 2225 182 2318 ρίαν
196 2222 355 2299 κτήσεσθε.
367 2226 478 2288 Ταῦτα
492 2215 522 2288 δ’
535 2225 616 2289 οὕτω
629 2221 853 2313 ποιησάμενος,
866 2227 931 2300 τοῖς
951 2225 1006 2314 μὲν
1026 2210 1194 2314 Εδουεῦσι,

11 2306 13 2328 ί
110 2330 169 2400 καὶ
198 2337 262 2408 τοῖς
291 2333 515 2411 Σεκουσιανοῖς,
540 2337 597 2406 τῆς
624 2326 772 2419 ἐπαρχίας
795 2337 857 2394 τῶν
885 2313 1034 2421 Ῥωμαίων
1064 2336 1193 2408 πλησίον

11 2431 12 2502 J
111 2438 253 2527 οἰκοῦσι,
277 2434 398 2530 μυρίους
424 2429 549 2517 πεζοὺς,
574 2433 626 2501 καὶ
648 2431 846 2513 ὀκτακοσίους
878 2434 988 2514 ἱππέας
1021 2439 1192 2536 ἀπήγγειλε·

11 2525 17 2638 ἱ
109 2546 218 2637 ταύτγι
235 2570 270 2611 τε
286 2554 326 2637 τῇ
341 2546 457 2635 ςρατιᾷ
474 2543 526 2608 τὸν
546 2552 602 2608 τοῦ
617 2526 849 2634 Επορεδύρυγος
869 2532 1002 2634 ἀδελφὸν
1023 2546 1192 2633 ἐπιςιίσας,

12 2641 16 2653 ’
110 2650 220 2737 ἐκείνῳ
238 2658 302 2727 τοῖς
317 2638 490 2740 Ᾰλλύθροξι
508 2648 642 2739 πολεμον
665 2648 814 2739 ἐπιφέρειν
834 2649 1044 2741 παράγγειλον·
1060 2648 1138 2748 ἀλλγ
1159 2648 1194 2723 δὲ

12 2806 14 2847 ,
112 2759 189 2834 τοὺς
213 2757 266 2847 μὲν
289 2750 470 2836 ,Γαύσίλουα
490 2752 541 2819 καὶ
568 2755 639 2830 τοὺς
666 2750 834 2844 περιοίκους
858 2741 1044 2847 Ᾱρύέρνους,
1068 2757 1107 2835 εἰς
1135 2765 1194 2836 τὴν
1246 2839 1249 2845 ¹

113 2872 180 2935 τῶν
196 2849 316 2929 Ελύίων
336 2864 449 2954 χώραν·
468 2860 541 2937 τοὺς
560 2850 596 2925 δὲ
614 2843 782 2935 Ρουθηνους
800 2883 852 2945 τε,
870 2861 922 2925 καὶ
939 2854 1139 2956 Καδούρκους
1153 2867 1194 2947 εἰς

12 2963 18 3062 J
114 2974 174 3045 τὴν
183 2979 246 3037 τῶν
256 2959 415 3062 Ᾱρεμίκων
425 2992 460 3033 τε
469 2964 537 3050 ,καὶ
552 2971 612 3033 τῶν
624 2966 745 3031 Βύλκων
758 2958 920 3056 ἐμύαλλειν
930 2968 1094 3036 ἐκελευσεν·
1105 2965 1193 3041 οὐδέν

114 3078 215 3153 ἦττον
248 3066 278 3141 δ’
301 3079 383 3167 ὅμως
405 3071 563 3165 λαθραίαις
591 3069 746 3165 ἀγγελίαις
766 3096 819 3154 τε,
839 3071 892 3138 καὶ
919 3070 1093 3165 πρεσύείαις
1123 3081 1196 3159 τοὺς

18 3266 20 3275 .
114 3176 319 3276 Ᾰλλύύρογας
349 3183 491 3273 ἐπειρᾶτο
521 3176 777 3270 παραςιίσασθαι,
805 3174 856 3255 οὒς
890 3180 975 3246 ούπω
1008 3193 1065 3249 τοῦ
1094 3185 1195 3281 ὀλίγον

113 3288 246 3383 πρόσθεν
265 3284 348 3355 κατὰ
366 3294 427 3353 τῶν
448 3270 598 3377 Ρωμαίων
616 3285 751 3376 πολέμου
769 3285 901 3375 πάμπαν
918 3279 1116 3357 ἐπιλαθέσθαι
1130 3295 1196 3361 ἐνύ·

115 3390 196 3491 μιζε·
217 3402 281 3473 τοῖς
298 3394 350 3487 μὲν
370 3388 420 3459 οὖν
436 3394 535 3458 αὐτῶν
556 3386 683 3484 ἄρχουσι
701 3392 848 3482 χρήματα
862 3389 983 3477 πολλὰ,
998 3405 1039 3488 τῇ
1057 3388 1092 3464 δὲ
1106 3400 1196 3467 πόλει

15 3488 19 3517 ⁵
117 3507 177 3578 τὴν
201 3500 302 3579 πάσης
324 3509 380 3577 τῆς
396 3505 510 3575 λοιπῆς
525 3496 672 3590 ἐπαρχίας
687 3496 875 3587 προςατείαν
889 3503 1076 3592 ὑπισχνεῖτο.

15 3588 19 3623 ²
172 3608 280 3677 LXVss
304 3607 386 3699 Πρὸς
408 3604 513 3671 πάντα
534 3596 569 3669 δὲ
587 3612 691 3671 ταῦτα
706 3605 986 3697 παρεσκευασμέναι
1008 3610 1098 3700 μόνον
1115 3606 1196 3679 εἷσαν

16 3694 19 3731 ³
117 3723 242 3806 σπεῖραι
269 3704 325 3781 δύο
353 3711 405 3779 καὶ
431 3711 541 3793 εἴκοσι,
569 3706 605 3788 ἀς
627 3716 643 3777 ὁ
664 3712 793 3787 Λούκιος
815 3712 936 3805 Καῖσαρ
962 3708 994 3790 ἐξ
1021 3719 1115 3795 αὐτῆς
1138 3729 1195 3798 τῆς

16 3824 19 3837 ’
117 3818 269 3913 έπαργίας
290 3820 486 3913 συναγαγὼν,
509 3815 612 3888 πάντη
638 3822 702 3893 τοῖς
723 3815 880 3907 πολεμίοις
903 3818 1063 3889 ἀντετίθει.’
1082 3823 1147 3890 Καὶ
1168 3828 1197 3895 οἱ

17 3928 19 3937 '
118 3929 173 4022 μὲν
195 3900 304 3993 Ελύιοι
324 3932 388 4001 τοῖς
409 3934 492 4014 σφῶν
511 3923 699 4015 προσχώροις
719 3921 822 4013 μάχην
840 3920 1048 4012 συνάψαντες,
1065 3931 1199 4008 ἡττήθη.

17 4018 19 4049 ³
119 4033 262 4117 σανχκαὶ
285 4028 378 4099 Γαίου
401 4020 550 4121 Βαληρίου
568 4029 775 4119 Δονοταύρου,
795 4039 926 4097 τοῦτοῦ
948 4027 1112 4127 Καύούρου
1133 4039 1199 4108 υἱοῦ

17 4126 18 4130 ¹
120 4143 174 4211 καὶ
205 4137 353 4234 ἄρχοντος
384 4147 440 4215 τῆς
466 4136 604 4216 πολεως,
624 4141 746 4201 πολλῶν
774 4160 809 4201 τι
840 4131 941 4203 ἀλλων
962 4141 1136 4227 πεσόντων,
1160 4146 1201 4227 ιίς
