3000 5025
290 534 338 607 70
500 500 1151 575 r.cansrconmnnraa11

288 664 360 713 ram
394 641 506 736 pontis
532 638 746 723 intenderat,
769 636 900 704 tametsi
924 632 1155 703 difficultatem
1185 634 1367 704 maximam

288 749 434 817 fluminis
458 749 621 842 impetus,
646 743 923 839 profunditasque
947 756 982 810 et
1013 740 1154 809 latitudo
1180 742 1368 835 praetende·

290 868 385 924 rent:
405 854 463 924 sed
484 853 530 923 nil
548 852 736 921 volentibus
760 850 902 918 arduum
923 871 931 915 z
954 848 1116 943 disposuit
1133 848 1369 941 firmavitque,

191 954 195 962 ¹
289 963 343 1031 vel
366 960 458 1030 nullo
479 960 582 1030 modo
603 960 688 1049 alio,
702 957 757 1026 vel
773 972 876 1053 ponte
895 953 1368 1047 transirc3vicitqueomnem

291 1094 402 1142 rerum
425 1069 677 1163 perplexitatem
699 1066 924 1160 operosissimi
945 1078 1045 1157 atque
1066 1063 1287 1131 ardentissimi
1308 1062 1370 1130 du·

290 1177 337 1245 cis
358 1176 534 1263 industria,
549 1189 649 1268 atque
661 1173 948 1267 obsequentissimi
963 1170 1065 1240 durus
1079 1168 1175 1237 labor
1191 1165 1367 1238 exercitus.

289 1285 395 1351 Ponte
416 1286 534 1377 igitur,
553 1282 647 1350 brevi
660 1295 833 1375 tempore,
848 1280 932 1348 mira
947 1292 1019 1345 arte
1038 1276 1203 1371 perfecte,
1218 1276 1370 1345 traduxit

258 1376 262 1384 ¹
291 1404 434 1459 annates
452 1390 615 1484 legiones3
628 1390 823 1483 primusque
842 1386 1187 1490 Romanorupr,sicut
1204 1385 1370 1478 scriptum

290 1511 357 1583 est,
375 1498 563 1566 Germanos
586 1498 643 1590 qui
673 1509 765 1563 trans
794 1494 951 1563 Rhenum
976 1491 1146 1579 incolunt,
1175 1510 1370 1584 aggressus,

289 1604 441 1673 maximis
461 1602 574 1671 affecit
595 1601 764 1673 cladibus:
789 1602 847 1671 sad
868 1600 1177 1695 sequor.ordinem.
1210 1594 1370 1666 Praesidio

290 1707 491 1779 validissimo
512 1710 554 1777 ab
576 1724 718 1803 utraque
746 1708 858 1803 pontis
879 1722 974 1803 parte
1002 1708 1151 1792 dimisso,
1172 1706 1299 1799 primus
1321 1701 1371 1772 illi

290 1830 368 1911 post
386 1816 496 1885 Rheni
516 1820 694 1885 transitum
714 1818 748 1882 in
770 1816 961 1884 Sicambros
979 1814 1042 1883 fuit
1062 1814 1224 1907 impetus,
1246 1813 1302 1905 qui
1317 1834 1372 1879 su·

290 1922 402 2017 perbae
423 1925 554 1991 romani
576 1922 659 1990 fines
674 1924 806 2015 imperii
826 1922 947 1990 Rheno
969 1944 1067 1989 amne
1086 1921 1368 2015 praescripserant.

290 2032 335 2095 Et
348 2030 500 2122 pergenti
516 2027 697 2097 multarum
710 2028 844 2096 urbium
857 2018 1038 2122 legationes
1052 2041 1273 2095 occurrerunt
1286 2027 1370 2094 ami-

290 2136 402 2204 citiam
418 2158 602 2230 pacemquc
620 2134 822 2230 petentium,
843 2134 964 2228 quibus
982 2134 1138 2203 omnibus
1159 2134 1303 2227 benigne
1315 2154 1370 2201 re·

290 2241 458 2336 spondens
482 2246 595 2312 Caesar
616 2242 748 2311 obsides
769 2243 955 2335 imperavit.
984 2240 1147 2309 Sicambri
1175 2254 1304 2327 autem,
1329 2254 1372 2309 ut

290 2363 342 2417 est
362 2370 485 2443 magna
507 2372 585 2442 pars
608 2349 783 2417 hominum
802 2349 913 2417 verbis
935 2372 1035 2441 quam
1053 2346 1148 2415 factis
1167 2348 1371 2435 animosior,

291 2478 369 2524 mox
389 2456 514 2550 incepti
541 2455 631 2524 fama
659 2456 769 2551 pontis
797 2456 927 2543 audita,
948 2453 1171 2548 quorumdam
1190 2454 1247 2548 qui
1276 2454 1370 2548 apud

290 2586 348 2630 eos
369 2563 609 2651 versabantur,
632 2563 751 2657 quibus
771 2586 909 2631 romana
931 2563 1044 2634 notior
1063 2563 1169 2629 virtus
1185 2575 1274 2648 erat,
1291 2585 1371 2630 con-

291 2667 363 2736 silio
385 2685 484 2764 atque
506 2670 664 2758 hortatu,
684 2671 822 2738 desertis
838 2669 996 2756 urbibus,
1024 2693 1102 2737 cum
1129 2667 1271 2736 fortunis
1298 2670 1370 2738 suis

291 2776 444 2845 omnibus
466 2778 500 2844 in
523 2776 715 2845 solitudines
734 2801 774 2844 ac
788 2777 947 2846 silvarum
962 2776 1121 2844 interiora
1133 2774 1365 2868 conhrgerant

290 2884 403 2951 Caesar
416 2884 482 2952 hoc
498 2884 627 2977 pridem
639 2884 773 2952 tardum
789 2898 824 2951 et
837 2882 972 2952 difficile
986 2882 1064 2950 belli
1077 2907 1182 2976 genus
1197 2897 1368 2975 expertus,

289 3002 324 3055 et
338 2988 413 3082 plus
431 2989 518 3058 taedii
539 2991 577 3058 iis
603 3011 703 3084 quam
723 2985 876 3084 periculi,
898 3005 1031 3084 tempus
1048 2989 1206 3057 inutiliter
1226 3009 1295 3056 non
1317 3003 1367 3057 te-

288 3095 431 3163 rendum
452 3098 576 3165 statuit.
595 3098 796 3165 Pervastatis
813 3120 895 3191 crgo
910 3098 992 3164 vicis
1013 3095 1178 3189 rebusque
1199 3093 1367 3184 hostium,

289 3225 357 3294 qno
378 3201 431 3270 vel
452 3202 577 3272 ferrum
599 3205 709 3298 potuit
729 3201 783 3271 vel
805 3202 941 3289 flamma
960 3204 1166 3296 pertingere,
1184 3201 1227 3269 ad
1241 3202 1366 3290 Ubios,

288 3307 354 3377 hoc
376 3324 444 3396 est,
466 3307 514 3378 ab
530 3310 682 3380 hostibus
713 3307 756 3378 ad
777 3312 902 3378 amicos
923 3310 1070 3397 transiit,
1092 3322 1287 3403 expectatus
1315 3324 1366 3378 at·

288 3439 355 3508 que
374 3431 529 3510 optatus:
551 3417 640 3512 apud
659 3438 715 3486 eos
730 3440 812 3484 vero
833 3437 963 3484 moram
981 3416 1134 3504 trahens,
1154 3417 1367 3510 propositum

288 3536 323 3589 et
343 3522 479 3591 consilia
501 3526 687 3593 Suevorum
708 3523 839 3611 didicit;
856 3547 897 3591 ea
917 3538 1013 3592 erant
1033 3521 1274 3617 hujuscemodi.
1298 3525 1366 3592 Ac·

287 3643 386 3723 cepto
408 3632 496 3698 enim
520 3633 661 3700 transitu
687 3633 934 3719 Romanorum',
955 3653 1100 3724 quorum
1122 3629 1213 3697 fama
1232 3629 1366 3700 virtutis

222 3776 224 3782 ι
285 3734 355 3827 jam
374 3752 495 3806 cuncta
517 3735 760 3831 compleverat,
780 3739 917 3806 nuntios
947 3737 990 3805 ad
1022 3759 1138 3805 omnes
1160 3758 1228 3804 suae
1255 3739 1366 3830 gentis

287 3843 546 3938 circumquaque
557 3844 745 3912 direxerant
758 3869 766 3912 ε
778 3869 884 3914 unum
898 3845 1055 3913 omnibus
1069 3858 1291 3938 preceptum,
1307 3857 1367 3932 ut,

287 3949 427 4020 urbibus
455 3965 555 4045 atque
583 3950 714 4046 oppidis
745 3951 927 4041 derelictis,
949 3952 1108 4045 conjuges
1130 3945 1298 4044 filiosque,
1330 3965 1367 4020 et

287 4057 445 4151 quicquid
474 4058 521 4126 eis
551 4081 668 4128 carum
689 4073 776 4128 esset
810 4060 844 4127 in
878 4058 990 4146 silvis,
1012 4079 1085 4152 que
1109 4059 1278 4126 immensa
1299 4055 1365 4126 illis

287 4164 725 4256 erant,reconderent;vi1i
740 4187 857 4236 omnes
872 4187 965 4236 arma
980 4179 1151 4260 portantes
1163 4179 1256 4234 certo
1269 4162 1364 4252 loco,
