3000 5025
258 482 567 558 ιινΤΕιιΡιιιεε
595 481 828 554 GRAEcus.
857 483 955 576 Lm
982 487 1048 557 ιν.
1123 488 1201 574 [με

124 622 269 694 ἐκέκλητο
288 626 351 713 τῶν
373 604 542 712 Ῥωμαίων,
557 617 715 686 ἀπέθανεν·
731 617 822 695 οὗτος
844 619 898 711 μὶν
924 616 986 713 χάρ
1005 623 1200 715 πανταχόθεν

123 729 184 795 ὑπὸ
203 734 264 795 τῶν
284 725 438 819 πολεμίων
460 727 665 819 περιεχομένῳ
685 727 887 817 ἐπικουρήσας
900 732 947 812 τῷ
963 718 1107 821 ἀδελρῷ,
1125 733 1202 798 ἐκεῖ.

124 836 174 902 νόν
190 858 223 901 τε
245 837 280 901 ἐκ
298 844 354 901 τοῦ
375 824 515 900 κινδύνου
535 836 658 916 σώσας,
682 833 793 916 αὐτὸς,
813 842 870 899 τοῦ
889 834 986 901 ἵππου
1012 835 1202 928 τρωθέντος,

124 936 347 1025 καταόληθιὶς,
366 938 502 1033 ἀλκίμοις
521 940 595 1031 μὲν,
614 941 660 1031 ἐρ’
683 942 753 1006 ὅσον
775 930 931 1021 ἠδυνήθη,
950 941 1092 1033 ἀντέσχε·
1113 946 1201 1025 τέλος

125 1039 160 1115 δέ
183 1049 243 1116 ὑπὸ
260 1058 322 1115 τῶν
343 1046 499 1139 πολεμίων
522 1046 674 1114 πάντοθεν
697 1046 875 1128 κυκλωθεὶς,
897 1047 949 1113 καὶ
975 1046 1080 1115 πολλὰ
1101 1074 1201 1119 κατα·

90 1204 92 1210 -
123 1154 380 1248 τραυματισθεὶς,
404 1156 433 1221 ἐν
461 1154 545 1246 μέσῳ
577 1156 678 1221 αὐτῶν
710 1153 839 1248 γεναίιος
869 1153 1011 1221 ἀπέθανε·
1038 1165 1142 1224 τοῦτοΙ
1166 1151 1203 1226 δέ

124 1255 183 1339 ἔξω
208 1265 305 1346 βελῶν
332 1253 394 1335 ἤδη
420 1261 579 1355 γενόμενος
603 1251 740 1327 κατιδὼν
770 1264 867 1327 αὐτοῦ
884 1266 902 1328 ό
920 1253 1071 1353 ἀδελφὸς,
1096 1254 1205 1357 δρόμῳ

125 1369 234 1436 ἑαυτὸν
257 1375 322 1446 τοῖς
338 1365 494 1459 πολεμίοις
509 1361 679 1460 προίύοιλε,
693 1366 747 1433 καὶ
760 1369 812 1434 ὑπ’
827 1372 929 1435 αὐτῶν
948 1367 1032 1449 εὐθὺς
1047 1372 1203 1460 ἐρονεόθη.

177 1476 276 1543 XIII.
297 1473 391 1541 Μετὰ
405 1465 441 1541 δέ
462 1470 520 1549 τήν
544 1474 647 1566 μάχην
662 1475 799 1559 ταύτην,
814 1464 927 1567 μηκέτι
944 1476 1000 1568 μὲν
1023 1483 1085 1542 τῶν
1109 1502 1205 1572 πρεσ.

127 1576 203 1649 ἀίων
231 1591 293 1648 τῶν
306 1581 473 1673 ,πολεμίων
496 1580 635 1663 ἀκούειν,
657 1584 738 1673 ’μήτε
762 1580 820 1659 τάς
844 1586 947 1648 αὐτῶν
965 1581 1136 1668 συνθήκας,
1154 1589 1205 1654 ότι

16 1732 17 1735 =
127 1681 231 1766 δόλοις
254 1688 307 1755 καὶ
328 1681 463 1779 ἐνέδραις
487 1688 604 1781 εἰρήνην
625 1686 828 1772 αἰτήσαντες,
850 1688 970 1768 ἑκόντες
993 1690 1047 1756 τὸν
1066 1691 1204 1784 πόλεμον

126 1799 315 1891 ἐπήνεγκαν,
331 1787 474 1888 δέχεσθαι
492 1801 508 1862 ό
530 1797 651 1888 Καῖσαρ
668 1786 819 1869 διενοήθη·
837 1796 875 1863 τθ
895 1785 930 1861 δέ
956 1793 1014 1874 τάς
1034 1804 1097 1863 τῶν
1115 1806 1207 1867 πολε·

126 1902 203 1995 μίων
224 1896 390 1981 αὐξηθῆναι
405 1893 564 1995 δυνάμεις,
583 1900 634 1969 καὶ
653 1904 711 1977 τήν
730 1905 832 1969 αὐτῶν
848 1902 941 1969 ἵππον
958 1904 1111 1971 ἐπανιέναι
1128 1906 1205 1973 ἀνα.

128 2013 245 2101 μένειν,
260 2007 389 2102 ἀρρονος
413 2000 523 2102 ἀνδρὸς
538 2015 644 2102 ἡγεῖτο
661 2000 746 2077 εἶναι.
768 2010 852 2101 Πρὸς
874 2010 997 2088 τούτοις
1019 2001 1127 2078 δὲκαὶ
1148 2015 1206 2083 τὴν

16 2134 17 2137 ’
126 2125 188 2182 τῶν
205 2116 333 2182 Γάλλων
359 2115 486 2194 ἀπιςίαν
512 2116 622 2211 χνοὺς,
643 2117 715 2194 τοὺς
738 2114 911 2207 Γερμανοὺς
933 2118 1034 2209 ταύτῃ
1058 2129 1099 2213 τῇ
1119 2118 1206 2214 μάχη

127 2224 209 2317 μέγα
222 2225 296 2314 παρ’
315 2225 419 2300 αὐτοῖς
441 2224 538 2315 ὄνομα
566 2218 732 2297 κεκτῆσθαι
757 2224 941 2306 ὑπώπτευε,
958 2227 1072 2316 σχολήν
1091 2253 1126 2294 τε
1150 2242 1207 2298 τοῦ

128 2324 324 2396 ἐουλεύεσθαι
342 2332 465 2408 τούτοις
484 2333 541 2397 οὐκ
557 2324 707 2404 ήύοόλετο
726 2321 844 2397 δοῦναι.
864 2332 967 2397 Τοῦτο
988 2323 1024 2398 δὲ
1047 2332 1206 2424 μετὰτῶν

127 2441 355 2532 ιλποςρατηχιῖιν
370 2434 670 2529 ἀνακοινωσάμενος,
685 2438 741 2509 τήν
759 2434 862 2530 μάχην
876 2439 933 2503 οὐκ
946 2438 996 2504 ἐπὶ
1013 2444 1119 2508 πλεῖον
1137 2445 1210 2513 ἀνα·

129 2540 335 2618 ύληθήσεσθαι
351 2542 514 2634 ἐψηφίσθη.
534 2530 804 2637 Επικαιριόιτατον
831 2534 861 2608 δ’
884 2546 1017 2614 ἐνταῦθα
1040 2553 1207 2644 συνηνέχθη

129 2657 269 2745 πρᾶγμα·
285 2662 325 2745 τῇ
343 2652 397 2742 μὲν
411 2646 473 2743 γάρ
485 2652 611 2744 ἐπιούσῃ
628 2652 728 2742 ήμέρορ
745 2644 845 2742 πρωῒ,
858 2659 899 2743 τῇ
910 2655 996 2740 σφῶν
1008 2661 1210 2746 προσποιήσει

128 2781 164 2824 τι
188 2757 241 2824 καὶ
270 2757 377 2851 ἀπάτῃ
409 2760 560 2850 χρώμενοι
584 2757 612 2823 οἱ
636 2756 803 2849 Γερμανοὶ,
823 2755 929 2846 συχνοὶ
947 2755 1029 2848 μετὰ
1049 2762 1208 2854 ἀρχόντων

130 2876 213 2954 σφῶν
232 2855 343 2955 σχεδὸν
364 2863 511 2947 πάντων,
535 2863 587 2930 καὶ
607 2873 669 2930 τῶν
692 2857 937 2954 πρεσύυτάτων,
955 2866 1031 2957 πρὸς
1055 2871 1148 2937 αὐτὸν
1168 2872 1208 2951 εἰς

129 2972 168 3038 τὸ
190 2961 387 3064 ςρατόπεδον
410 2967 568 3044 συνῆλθον·
592 2969 659 3062 ἅμα
682 2969 736 3064 μὲν
756 2963 823 3052 (ὡς
840 2971 869 3063 γ’
891 2969 980 3037 αὐτοὶ
999 2973 1211 3063 ἐρασαν)’τοῦ

131 3077 349 3172 ἀπολογεῖσθαι
379 3081 482 3159 ἕνεκα,
506 3081 555 3144 ότι
584 3087 624 3170 τῇ
654 3075 825 3168 προτεραίᾳ
853 3076 939 3169 παρά
974 3103 1008 3145 τε
1047 3078 1105 3160 τὰς
1139 3110 1208 3152 συν.

131 3184 244 3266 θήκας,
265 3183 316 3250 καὶ
338 3179 358 3248 ἀ
375 3183 464 3250 αὐτοὶ
481 3189 653 3276 ᾐτήκεσαν,
674 3182 795 3275 μάχην,
813 3180 961 3272 συνῆψαν·
982 3185 1019 3252 τὸ
1040 3179 1071 3252 δ’
1084 3190 1210 3279 ἀληθὲς,

131 3291 181 3359 ἵνα
201 3291 226 3358 εί
243 3282 403 3373 δύναιντο,
418 3290 568 3367 συνθήκας
583 3287 665 3366 αὖθις
677 3287 765 3382 παρὰ
781 3298 839 3356 τοῦ
853 3288 1009 3383 Καίσαρος
1024 3289 1132 3392 ἀπάτῃ
1148 3290 1212 3367 δια.

133 3395 337 3493 πράττοιντο·
361 3399 484 3474 τούτοις
510 3388 546 3462 δὲ
569 3406 716 3490 παροῦσιν
742 3401 759 3462 ὁ
782 3397 904 3489 Καῖσαρ
936 3396 1056 3481 ἡσθεὶς,
1084 3404 1212 3487 ἐκείνους

133 3507 187 3598 μὲν
207 3507 366 3597 κατέσχεν·
383 3505 476 3581 αὐτὸς
499 3493 534 3569 δέ
549 3506 652 3570 πᾶσαν
667 3506 723 3576 τὴν
738 3507 850 3569 ἑαυτοῦ
866 3494 994 3596 δύναμιν
1010 3509 1045 3573 ἐκ
1058 3520 1116 3576 τοῦ
1133 3538 1211 3606 ςρα.

134 3603 270 3680 τοπέδου
290 3605 468 3705 ἐξαγαγὼν,
487 3620 525 3704 τῇ
544 3610 597 3701 μὲν
611 3611 715 3695 ἵππῳ,
731 3613 766 3675 ἐκ
785 3619 841 3688 τῆς
853 3609 946 3686 νειοςὶ
959 3615 1058 3691 ἥττης
1076 3600 1213 3708 περοόή.

134 3721 226 3811 μένην
241 3721 338 3791 αὐτὴν
353 3709 458 3799 εἰδὼς,
473 3716 595 3783 όπισθεν
609 3726 666 3782 τοῦ
681 3711 807 3794 πεζικοῦ
826 3716 1000 3784 ἀκολουθεῖν
1015 3727 1211 3818 παρήγγειλε.

188 3827 284 3894 XIV.
306 3825 371 3898 Τήν
397 3815 433 3889 δέ
455 3820 586 3915 ςροιτιὰν
612 3833 703 3916 τριχῇ
727 3817 931 3916 παρατάξας,
956 3827 1079 3918 τάχιςά
1101 3857 1135 3897 τε
1154 3838 1211 3908 τήν

134 3933 292 4024 τεσσάρων
312 3931 363 3998 καὶ
386 3925 536 4007 ἑξήκοντα
557 3919 675 4006 ςαδίων
697 3922 842 4008 ἐξανύσας
865 3922 959 4015 ὁδὸν,
980 3935 1054 4026 πρὸς
1083 3939 1121 4004 τὸ
1149 3948 1212 4011 τῶν

134 4040 289 4132 πολεμίων
304 4037 431 4132 πρόσθεν
452 4039 571 4132 ἐγένετο
592 4026 807 4129 ςρατόπεδον,
820 4037 890 4129 πρὶν
909 4037 928 4112 ἢ
949 4041 1060 4118 αὐτοὺς
1074 4046 1112 4110 τὸ
1131 4072 1213 4143 πρα.

135 4147 186 4241 γὲν
214 4138 382 4220 δυνηθῆναι
404 4143 604 4236 καταμαθεῖν.
632 4143 731 4210 Αύτοὶ
759 4133 794 4208 δὲ
819 4145 897 4210 πᾶσι
923 4156 1047 4226 τούτοις
1071 4145 1212 4246 ἐξαίφνης
