3000 5025
315 484 386 555 DE
414 484 543 555 VITA
570 484 725 555 JULII.
744 486 993 557 cAEsnu-Is.
1140 488 1188 585 73

33 702 34 707 ἵ
123 618 272 716 proximae
299 617 383 687 lucis
401 617 486 687 hora
511 633 630 712 quarta
656 619 881 689 britannicum
899 620 990 690 littus
1013 622 1190 715 attigeram

122 724 322 818 plenumque
338 724 419 794 illud
442 726 577 793 armatis
605 725 757 795 hostibus
784 728 1012 821 conspicatus,
1038 751 1188 825 praerup-

122 844 228 924 tasque
246 856 349 925 rupes
364 830 483 925 pelago
499 831 746 925 impendenteS,
765 833 855 901 unde
872 831 929 901 teli
941 833 1049 927 jactus
1067 849 1126 903 aut
1142 834 1189 905 la·

98 937 195 1030 pidis
215 962 334 1031 usque·
346 937 388 1007 ad
405 962 508 1007 naves
535 937 631 1007 facile
655 954 878 1033 perventurus
906 955 1015 1029 esset,
1045 942 1191 1011 substitit

121 1068 313 1138 parumper,
337 1059 514 1139 expectans
540 1070 617 1113 suos
638 1048 694 1139 qui
714 1045 835 1116 lentius
854 1047 1054 1115 veniebant:
1079 1050 1127 1117 sic
1153 1050 1191 1117 in

119 1150 264 1219 anchoris
284 1175 390 1245 usque
408 1151 450 1220 ad
468 1151 586 1219 horam
602 1152 666 1221 diei
679 1176 803 1245 nonam
824 1154 939 1222 stetit:
960 1168 1041 1221 tunc
1058 1178 1189 1231 assecu-

119 1256 155 1323 tis
175 1258 346 1345 omnibus,
364 1256 544 1351 legatisque
566 1272 600 1325 et
617 1258 759 1329 tribunis
779 1258 942 1347 militum,
960 1285 1000 1329 ac
1021 1260 1189 1355 magistris

34 1404 35 1407 =
119 1364 246 1431 navium
264 1364 483 1433 vehementer
502 1363 695 1453 admonitis,
720 1390 763 1435 ne
784 1391 851 1460 qua
875 1379 962 1435 esset
985 1381 1043 1435 aut
1064 1366 1188 1437 bellicis

119 1484 168 1537 aut
187 1470 361 1539 maritimis
380 1470 479 1539 rebus
500 1495 612 1558 mora,
633 1472 691 1541 sed
708 1472 750 1540 ad
768 1487 888 1543 nutum
905 1474 1019 1543 omnia
1038 1473 1128 1542 dicto
1142 1475 1188 1542 ci·

118 1576 174 1644 tius
196 1573 422 1669 explorentur.
447 1580 559 1665 Vento
577 1591 612 1645 et
633 1592 716 1646 aestu
736 1578 842 1647 fretus
863 1578 1001 1666 idoneo,
1019 1576 1188 1649 convulsis

119 1682 285 1770 anchoris,
308 1682 350 1751 ad
372 1697 499 1777 septem
528 1682 630 1752 millia
652 1708 810 1777 passuum
833 1684 951 1782 procul
980 1684 1058 1753 inde
1086 1683 1187 1779 plano

117 1787 296 1875 inlittore,
319 1805 489 1859 tetecum
521 1787 625 1859 classe
646 1791 803 1859 constitit.
833 1793 878 1859 At
901 1790 1068 1878 Britanni,
1092 1790 1187 1861 intel-

118 1889 195 1963 lecto
217 1894 377 1983 oonsilio,
399 1897 577 1991 praemissis
599 1896 764 1990 equitibus
783 1910 882 1991 atque
904 1895 1046 1985 essedis,
1068 1896 1188 1991 quibus

117 1998 148 2067 in
161 1999 248 2069 bello
267 2004 316 2070 uti
332 2017 594 2099 consueverant,
607 2005 681 2097 pari
691 2003 867 2073 velocitate
881 2002 992 2073 locum
1006 2019 1188 2098 occupaut3

118 2122 362 2201 consequuntur
390 2110 573 2203 equitatum
597 2110 720 2195 turbae,
749 2111 795 2180 ita
815 2136 932 2180 omnes
953 2112 1057 2204 copiae
1077 2136 1188 2205 egres·

119 2216 197 2283 suris
218 2216 380 2285 Romanis
401 2240 436 2284 se
456 2216 625 2309 objiciunt.
647 2220 730 2287 Erat
747 2216 845 2311 plane
863 2215 1100 2313 descensusin
1121 2232 1187 2287 ter-

118 2343 184 2389 ram
202 2320 439 2409 difficillimus,
470 2336 608 2417 propter
634 2322 743 2417 aquae'
760 2322 987 2412 altitudinem,
1021 2326 1092 2393 sine
1121 2349 1190 2419 qua
1271 2348 1274 2353 ·

118 2451 239 2522 magnae
262 2453 366 2498 naves
385 2454 456 2499 esse
476 2431 611 2524 regique
627 2455 696 2498 non
716 2444 888 2525 poterant:
907 2446 942 2500 et
963 2432 990 2499 si
1011 2432 1106 2524 quie
1128 2455 1187 2499 ua·

118 2533 207 2604 vibus
229 2538 424 2625 exivissem,
443 2538 465 2604 ii
487 2539 575 2606 sicco
597 2535 639 2604 de
661 2536 789 2625 littore,
807 2552 866 2606 aut
887 2562 928 2606 ex
958 2536 1051 2607 vadis
1078 2539 1190 2608 humi·

118 2636 247 2712 lioribus
266 2643 529 2740 excipiebantur
556 2643 703 2712 bostium
726 2667 896 2711 occursu:
921 2657 974 2729 et,
1009 2644 1068 2711 ubi
1100 2659 1188 2714 stare

119 2745 245 2818 difficile
266 2764 354 2837 erat,
368 2749 574 2844 cogebantur
592 2751 706 2842 iniquo
725 2751 836 2817 Marte
850 2761 993 2839 certare,
1013 2748 1103 2817 unde
1118 2774 1188 2817 non

119 2853 277 2924 immerito
299 2857 447 2926 Romani
465 2857 569 2925 territi
589 2881 628 2924 ac
648 2855 790 2942 turbati,
810 2869 843 2923 et
860 2853 1012 2923 locorum
1030 2856 1140 2943 inscii,
1155 2867 1189 2924 'et
1245 2866 1249 2871 ’

120 2959 275 3050 ejusmodi
290 2960 395 3056 praelii
414 2964 594 3057 inexperti,
606 2960 703 3030 solito
718 2962 851 3055 segnius
862 2961 1067 3054 pugnabunt.
1085 2961 1188 3050 Quod

119 3080 153 3134 ut
172 3069 283 3138 Caesar
303 3068 403 3154 vidit,
426 3066 541 3162 longas
563 3093 665 3136 naves
687 3068 730 3138 ab
751 3067 815 3136 alia
841 3066 945 3136 classe
975 3070 1119 3156 secerni,
1154 3083 1189 3148 et

120 3176 209 3244 remis
228 3174 273 3244 ad
291 3173 383 3244 littus
403 3172 561 3269 applicari
575 3176 732 3268 imperat,
754 3188 854 3268 atque
872 3173 949 3242 inde
963 3175 1114 3243 omnium
1132 3200 1188 3269 ge·

105 3297 189 3350 *nere
209 3280 384 3350 missilium
404 3281 535 3350 hostem
554 3279 646 3374 pelli3
669 3305 768 3374 quem
791 3283 862 3375 ipse
879 3282 1189 3375 naviumbaspectus

120 3400 147 3453 et
169 3388 399 3482 magnitudine
434 3402 468 3456 et
495 3412 665 3457 remorum
692 3388 835 3480 strepitu
849 3378 852 3383 ¹
866 3388 1034 3455 insuetum
1065 3385 1187 3466 talibus

119 3496 279 3563 exterruit.
300 3494 370 3563 Ubi
388 3508 499 3562 autem
516 3496 710 3588 sagittarum
729 3493 853 3562 imbres
872 3518 913 3562 ac
941 3494 1090 3562 tonitrua
1116 3507 1188 3589 torf

118 3608 302 3670 mentorum
326 3602 360 3668 in
382 3599 537 3669 hostilem
557 3602 662 3676 aciem
683 3599 849 3688 incidere,
867 3624 1049 3694 parumper
1064 3599 1189 3669 referre

116 3705 228 3798 pedem
248 3708 362 3776 hostes
384 3708 613 3801 incoeperunt:
636 3731 699 3776 nec
719 3707 800 3775 dum
822 3721 935 3775 tamen
955 3707 1099 3774 Romani
1118 3729 1189 3784 sese

116 3813 206 3883 undis
225 3814 364 3884 credere
384 3816 475 3902 ausi,
489 3815 568 3909 ipsis
588 3838 606 3881 e
629 3814 797 3908 puppibus
812 3811 1062 3907 praeliabantur,
1081 3811 1189 3884 donec
1243 3834 1248 3840 ’

117 3919 262 4011 aquilifer
284 3922 421 3990 decimae
442 3919 596 4015 legionis,
616 3945 716 4014 quam
731 3919 866 3988 amabat
879 3921 1010 4007 Caesar,
1026 3917 1093 3987 alta
1107 3920 1189 3992 deos

117 4048 209 4096 orans
226 4053 330 4114 voce,
352 4041 390 4094 ut
411 4025 548 4096 feliciter
569 4026 690 4121 legioni
712 4025 904 4097 succederet
924 4025 1014 4119 quod
1033 4027 1188 4122 parabat,

92 4193 94 4200 ,
118 4151 224 4204 versus
246 4135 289 4206 ad
311 4135 449 4204 comites
466 4160 473 4202 z
491 4135 640 4219 desilire,
663 4135 788 4228 inquit,
808 4139 845 4202 in
852 4130 1006 4224 fluctio,
1029 4149 1063 4204 et
1076 4139 1187 4229 sequi·
