3000 5025
254 474 275 555 8
464 475 492 545 J.
522 476 681 549 CELSI
711 470 1107 546 COMMENTARII

249 607 453 698 deerrasset,
469 610 666 704 Pompeium
688 608 812 676 Caesari
830 606 1039 702 praeferendo
1054 633 1061 675 :
1070 613 1329 704 praecinctura,

249 715 378 809 inquit,
396 740 449 785 mc
470 716 612 812 decepit.
639 716 700 783 His
724 713 778 783 ille
801 713 899 783 simul
922 730 1062 784 vexatus
1084 715 1329 805 incommodis,

241 829 338 916 'pene
352 822 500 915 quotidie
516 820 653 891 latibula
670 820 900 916 permutabat,
915 846 1016 916 seque
1029 846 1270 916 nonnunquam
1286 823 1328 891 ab

249 928 501 1021 inquisitoribus
519 931 661 1024 pecunia
675 928 879 1015 redimebat3
893 927 1026 997 futurus
1041 954 1158 1023 regum
1173 929 1328 999 dominus

250 1058 289 1103 ac
305 1035 683 1128 regnorumzettamdiu
693 1036 801 1103 hocin
813 1048 902 1103 statu
917 1034 995 1125 luit,
1012 1036 1120 1103 donec
1136 1038 1328 1105 Mamercus

249 1140 400 1211 AEmilius
419 1157 453 1211 et
471 1142 625 1211 Aurelius
641 1145 742 1211 Cotta
757 1143 820 1209 viri
837 1141 1032 1211 nobilissimi
1052 1158 1085 1211 et
1103 1142 1220 1211 affines
1239 1143 1328 1237 ejus,

249 1246 348 1316 Sullae
370 1273 452 1317 vero
475 1250 664 1322 amicissimi
679 1275 689 1337 ;
703 1244 867 1343 simulque
890 1248 1043 1319 Vestales
1063 1251 1208 1343 virgines
1220 1241 1234 1337 l
1246 1275 1327 1344 qua·

248 1379 325 1422 rum
348 1378 478 1431 summa
505 1370 586 1426 tunc
605 1370 677 1425 erat
696 1348 903 1445 auctoritas)
920 1354 1036 1434 multis,
1055 1381 1094 1425 ac
1117 1354 1233 1424 validis
1252 1382 1327 1451 pre·

248 1461 343 1530 cibus
357 1463 418 1530 sibi
432 1463 563 1531 veniam
581 1464 801 1557 quaesierunt:
814 1462 873 1531 ubi
884 1461 967 1531 illud
982 1460 1218 1551 memorabile,
1235 1463 1328 1559 quod

248 1592 352 1662 quum
374 1567 465 1637 Sulla
482 1569 605 1639 diutius
630 1570 832 1659 obstitisset,
846 1595 955 1663 neque
975 1568 1062 1639 ullus
1080 1569 1240 1665 precandi
1254 1596 1327 1639 mo·

156 1741 158 1745 .
248 1673 311 1742 dus
330 1690 436 1764 esset,
451 1677 560 1745 victus
580 1677 623 1745 ad
643 1675 798 1745 ultimum
822 1675 1037 1765 exclamavit,
1051 1675 1105 1744 vel
1126 1677 1239 1745 divino
1260 1678 1327 1747 ins·

248 1781 373 1869 tinctu,
388 1781 442 1851 vel
451 1783 739 1853 humanatantum
751 1783 854 1853 modo
876 1787 1154 1880 conjectura3et,
1175 1789 1324 1871 ecberte,

247 1888 312 1975 ait,
328 1904 434 1983 atque
451 1887 614 1959 habetote
627 1890 727 1959 vobis
746 1896 944 1983 cunctasque
964 1890 1134 1959 nobdt'bus
1150 1890 1326 1959 lrocdam·
1407 1959 1412 1966 ,

246 2017 367 2078 nasum
386 1994 522 2063 donum.
545 1996 706 2074 Proedieo
727 2012 843 2085 autem
863 1996 989 2065 uobt'r:
1010 1996 1083 2082 luc,
1103 2019 1203 2089 quem
1224 2002 1328 2067 enarre

246 2100 337 2179 odeo
357 2102 489 2171 solerem
511 2102 633 2187 rmus,
650 2108 854 2197 optimatum
862 2101 1048 2197 portabas,
1063 2126 1154 2195 quas
1170 2125 1236 2172 vos
1256 2128 1324 2172 me·

247 2231 323 2283 cum
344 2208 565 2301 deffenderea,
585 2208 796 2302 quandoque
816 2214 883 2284 erit
905 2208 1051 2279 mida.
1064 2212 1216 2284 ·-‚Coesari
1234 2216 1323 2280 emin

246 2315 346 2383 multi
368 2320 486 2387 insuat
505 2319 623 2385 Marri.
644 2318 725 2391 Haec
747 2339 826 2384 sane
847 2316 1028 2384 minutiora
1044 2316 1111 2387 ,viri
1132 2316 1249 2409 hujus,
1272 2317 1323 2387 his

246 2420 386 2497 fortasse
402 2421 607 2516 profuerint,
619 2423 676 2516 qui
690 2420 892 2499 laboriosam
909 2420 1165 2491 adolescentiam
1181 2423 1323 2519 degunt,

245 2551 288 2596 ne
318 2527 496 2623 desperent
519 2527 688 2623 vigilando
710 2554 749 2598 ao
775 2528 978 2600 intendendo
1008 2529 1050 2600 ad
1079 2529 1197 2600 altiora
1226 2555 1321 2602 cons·

245 2633 406 2724 candere,
420 2635 500 2706 dum
512 2637 622 2705 virum
635 2637 947 2731 principem„tantis
962 2637 1134 2716 obsessum
1150 2637 1323 2707 difficulta-

245 2741 333 2828 tibus
350 2743 459 2837 prima
474 2742 661 2830 audiverint
677 2758 784 2820 aetate.
803 2743 961 2814 Militavit
975 2743 1167 2814 adolescens
1180 2746 1214 2813 in
1229 2746 1320 2832 Asia,

245 2850 441 2944 Graeciaque
468 2865 502 2920 et
525 2849 658 2939 Cilicia,
679 2851 770 2920 fama
796 2876 887 2921 nunc
911 2851 1021 2940 clara,
1040 2875 1131 2921 nune
1157 2853 1319 2922 obseura:

244 2954 357 3024 audita
370 2971 494 3029 ,autem
517 2956 616 3026 Sullae
636 2973 767 3045 morte,
782 2983 895 3028 rerum
908 2959 1152 3030 ¹novandarum
1173 2984 1231 3054 spe
1253 2974 1320 3026 tra·

244 3060 367 3151 hente,
384 3063 528 3132 Romam
548 3063 664 3151 rediit;
680 3064 737 3134 sed
754 3065 841 3134 civili
862 3080 957 3135 motu
975 3081 1096 3161 praeter
1117 3091 1210 3160 spem
1228 3091 1320 3134 corn·

243 3193 379 3262 presso,
395 3195 438 3240 ne
459 3169 541 3244 nihil
565 3187 698 3265 ageret,
717 3171 913 3242 Cornelium
934 3171 1143 3246 Dolabellam
1167 3170 1320 3243 consula·

242 3299 315 3354 rem
334 3301 373 3350 ac
389 3275 625 3372 triumphalem
641 3281 749 3348 virum
767 3279 1028 3374 repetundarum
1045 3279 1223 3349 accusavit
1241 3279 1320 3366 Quo

240 3381 366 3474 judicio
394 3408 549 3478 magnam
576 3385 636 3454 sibi
662 3385 786 3454 famam
808 3386 1024 3479 eloquentiae,
1040 3384 1099 3453 sed
1121 3399 1156 3461 et
1176 3384 1319 3454 multum

243 3491 394 3582 quaesivit
412 3489 563 3560 invidiae:
581 3517 682 3587 quam
701 3508 740 3579 ut
757 3492 875 3580 leniret
891 3493 1059 3579 absentia,
1073 3490 1318 3579 absoluto-reo,

242 3594 408 3690 rebusque
429 3597 574 3692 undique
594 3601 678 3668 citra
697 3613 778 3668 vota
799 3598 999 3686 fluentibus,
1014 3600 1048 3665 in
1067 3596 1209 3666 insulam
1225 3598 1319 3668 Rho·

242 3700 323 3770 dum
350 3727 384 3772 se
407 3704 560 3778 conferre
588 3707 771 3802 disposuit3
788 3703 887 3785 simul
908 3719 947 3773 ut
968 3706 1037 3776 otio
1064 3729 1201 3800 operam
1223 3705 1319 3774 daret

243 3831 294 3888 ac,
305 3806 442 3900 litteris„
461 3811 550 3906 apud
564 3812 779 3908 Apollonium
798 3809 971 3883 Molonem
994 3810 1214 3884 clarissimum
1235 3827 1317 3883 tunc

240 3913 403 3998 facundiae
418 3933 676 4012 praeceptorem,
689 3917 751 3988 sub
766 3943 833 4012 quo
846 3920 965 4002 Cicero
981 3921 1053 4015 ipse
1068 3943 1215 3990 romanae
1225 3921 1316 4016 prin·

241 4044 320 4116 ceps
334 4022 530 4119 eloquentiae
543 4024 694 4094 didicisse
709 4024 866 4105 ereditur.
880 4025 963 4114 sod,
975 4026 1056 4102 dum
1074 4053 1116 4096 eo
1133 4029 1281 4121 navigat,
1295 4050 1317 4094 a

239 4129 355 4224 piratis
373 4145 506 4225 captus,
519 4130 734 4203 familiaribus
749 4134 926 4224 omnibus,
940 4151 1062 4229 praeter
1079 4149 1146 4204 tres
1163 4133 1317 4204 remissos
