<?xml version="1.0" encoding="UTF-8"?>
<!DOCTYPE html PUBLIC "-//W3C//DTD XHTML 1.0 Transitional//EN"
    "http://www.w3.org/TR/xhtml1/DTD/xhtml1-transitional.dtd">
<html xmlns="http://www.w3.org/1999/xhtml" xml:lang="en" lang="en">
 <head>
  <title>
</title>
<meta http-equiv="Content-Type" content="text/html;charset=utf-8" />
  <meta name='ocr-system' content='tesseract 3.04.00' />
  <meta name='ocr-capabilities' content='ocr_page ocr_carea ocr_par ocr_line ocrx_word'/>
</head>
<body>
  <div class='ocr_page' id='page_1' title='image "./caiusjuliuscsar00unkngoog_0290.png"; bbox 0 0 3000 5025; ppageno 0'>
   <div class='ocr_carea' id='block_1_1' title="bbox 1045 352 1053 388">
    <p class='ocr_par' dir='ltr' id='par_1_1' title="bbox 1045 352 1053 388">
     <span class='ocr_line' id='line_1_1' title="bbox 1045 352 1053 388; baseline 0 0"><span class='ocrx_word' id='word_1_1' title='bbox 1045 352 1053 388; x_wconf 75' lang='lat' dir='ltr'>l</span> 
     </span>
    </p>
   </div>
   <div class='ocr_carea' id='block_1_2' title="bbox 296 514 1190 591">
    <p class='ocr_par' dir='ltr' id='par_1_2' title="bbox 296 514 1190 591">
     <span class='ocr_line' id='line_1_2' title="bbox 296 514 1190 591; baseline -0.004 0"><span class='ocrx_word' id='word_1_2' title='bbox 296 522 369 591; x_wconf 85' lang='lat' dir='ltr'>DE</span> <span class='ocrx_word' id='word_1_3' title='bbox 395 521 531 591; x_wconf 85' lang='lat' dir='ltr'>VITA</span> <span class='ocrx_word' id='word_1_4' title='bbox 557 520 713 591; x_wconf 85' lang='lat' dir='ltr'>JULII</span> <span class='ocrx_word' id='word_1_5' title='bbox 740 518 1004 591; x_wconf 80' lang='lat' dir='ltr'>CAESARIS.</span> <span class='ocrx_word' id='word_1_6' title='bbox 1119 514 1190 587; x_wconf 76' lang='lat'>261</span> 
     </span>
    </p>
   </div>
   <div class='ocr_carea' id='block_1_3' title="bbox 27 647 1262 1302">
    <p class='ocr_par' dir='ltr' id='par_1_3' title="bbox 26 647 1262 1302">
     <span class='ocr_line' id='line_1_3' title="bbox 125 647 1195 751; baseline 0 -30"><span class='ocrx_word' id='word_1_7' title='bbox 125 647 300 747; x_wconf 85' lang='lat' dir='ltr'>principum</span> <span class='ocrx_word' id='word_1_8' title='bbox 314 653 534 740; x_wconf 85' lang='lat' dir='ltr'>auctoritate,</span> <span class='ocrx_word' id='word_1_9' title='bbox 548 652 607 724; x_wconf 90' lang='lat' dir='ltr'>sed</span> <span class='ocrx_word' id='word_1_10' title='bbox 625 650 784 751; x_wconf 89' lang='lat' dir='ltr'>opinione</span> <span class='ocrx_word' id='word_1_11' title='bbox 805 652 906 721; x_wconf 84' lang='lat' dir='ltr'>etiam</span> <span class='ocrx_word' id='word_1_12' title='bbox 917 647 1073 748; x_wconf 82' lang='lat' dir='ltr'>populari</span> <span class='ocrx_word' id='word_1_13' title='bbox 1089 675 1100 740; x_wconf 90' lang='lat'>;</span> <span class='ocrx_word' id='word_1_14' title='bbox 1114 672 1195 721; x_wconf 85' lang='lat' dir='ltr'>narn</span> 
     </span>
     <span class='ocr_line' id='line_1_4' title="bbox 125 754 1194 858; baseline 0.002 -34"><span class='ocrx_word' id='word_1_15' title='bbox 125 754 220 849; x_wconf 90' lang='lat' dir='ltr'>ludis,</span> <span class='ocrx_word' id='word_1_16' title='bbox 241 784 323 854; x_wconf 87' lang='lat' dir='ltr'>quos</span> <span class='ocrx_word' id='word_1_17' title='bbox 345 761 392 847; x_wconf 86' lang='lat' dir='ltr'>ibi</span> <span class='ocrx_word' id='word_1_18' title='bbox 410 760 583 858; x_wconf 85' lang='lat' dir='ltr'>Augustus</span> <span class='ocrx_word' id='word_1_19' title='bbox 602 762 715 831; x_wconf 83' lang='lat' dir='ltr'>Caesar</span> <span class='ocrx_word' id='word_1_20' title='bbox 739 760 846 829; x_wconf 81' lang='lat' dir='ltr'>haeres</span> <span class='ocrx_word' id='word_1_21' title='bbox 864 758 935 854; x_wconf 89' lang='lat' dir='ltr'>ejus</span> <span class='ocrx_word' id='word_1_22' title='bbox 954 758 1114 848; x_wconf 84' lang='lat' dir='ltr'>instituit,</span> <span class='ocrx_word' id='word_1_23' title='bbox 1129 758 1194 827; x_wconf 92' lang='lat' dir='ltr'>cri·</span> 
     </span>
     <span class='ocr_line' id='line_1_5' title="bbox 123 865 1194 960; baseline 0.002 -27"><span class='ocrx_word' id='word_1_24' title='bbox 123 866 183 934; x_wconf 88' lang='lat' dir='ltr'>nita</span> <span class='ocrx_word' id='word_1_25' title='bbox 195 867 344 960; x_wconf 84' lang='lat' dir='ltr'>quaedam</span> <span class='ocrx_word' id='word_1_26' title='bbox 358 866 471 958; x_wconf 84' lang='lat' dir='ltr'>stella,</span> <span class='ocrx_word' id='word_1_27' title='bbox 486 892 539 939; x_wconf 92' lang='lat' dir='ltr'>v11</span> <span class='ocrx_word' id='word_1_28' title='bbox 560 867 728 939; x_wconf 86' lang='lat' dir='ltr'>continuis</span> <span class='ocrx_word' id='word_1_29' title='bbox 746 865 881 956; x_wconf 86' lang='lat' dir='ltr'>diebus,</span> <span class='ocrx_word' id='word_1_30' title='bbox 902 867 992 937; x_wconf 90' lang='lat' dir='ltr'>circa</span> <span class='ocrx_word' id='word_1_31' title='bbox 1010 890 1051 935; x_wconf 81' lang='lat' dir='ltr'>xi</span> <span class='ocrx_word' id='word_1_32' title='bbox 1072 865 1194 935; x_wconf 88' lang='lat' dir='ltr'>horam</span> 
     </span>
     <span class='ocr_line' id='line_1_6' title="bbox 123 968 1193 1072; baseline 0.003 -33"><span class='ocrx_word' id='word_1_33' title='bbox 123 968 193 1041; x_wconf 93' lang='lat' dir='ltr'>lucis</span> <span class='ocrx_word' id='word_1_34' title='bbox 214 976 391 1070; x_wconf 82' lang='lat' dir='ltr'>apparuit3</span> <span class='ocrx_word' id='word_1_35' title='bbox 408 998 673 1072; x_wconf 83' lang='lat' dir='ltr'><strong>persuasumque</strong></span> <span class='ocrx_word' id='word_1_36' title='bbox 688 988 740 1045; x_wconf 90' lang='lat' dir='ltr'>est</span> <span class='ocrx_word' id='word_1_37' title='bbox 753 971 897 1044; x_wconf 86' lang='lat' dir='ltr'>credulae</span> <span class='ocrx_word' id='word_1_38' title='bbox 918 971 1032 1069; x_wconf 90' lang='lat' dir='ltr'>plebi,</span> <span class='ocrx_word' id='word_1_39' title='bbox 1050 972 1193 1043; x_wconf 67' lang='lat' dir='ltr'>unsaris</span> 
     </span>
     <span class='ocr_line' id='line_1_7' title="bbox 27 1076 1194 1177; baseline 0.001 -30"><span class='ocrx_word' id='word_1_40' title='bbox 27 1158 30 1163; x_wconf 25' lang='lat'><strong>¹</strong></span> <span class='ocrx_word' id='word_1_41' title='bbox 122 1102 183 1149; x_wconf 84' lang='lat' dir='ltr'>esse</span> <span class='ocrx_word' id='word_1_42' title='bbox 203 1082 347 1153; x_wconf 82' lang='lat' dir='ltr'>annnam</span> <span class='ocrx_word' id='word_1_43' title='bbox 369 1082 405 1151; x_wconf 88' lang='lat' dir='ltr'>in</span> <span class='ocrx_word' id='word_1_44' title='bbox 427 1080 550 1154; x_wconf 87' lang='lat' dir='ltr'>coelum</span> <span class='ocrx_word' id='word_1_45' title='bbox 573 1082 724 1171; x_wconf 86' lang='lat' dir='ltr'>admissi,</span> <span class='ocrx_word' id='word_1_46' title='bbox 743 1106 810 1177; x_wconf 88' lang='lat' dir='ltr'>quo</span> <span class='ocrx_word' id='word_1_47' title='bbox 832 1080 1005 1177; x_wconf 86' lang='lat' dir='ltr'>profecto,</span> <span class='ocrx_word' id='word_1_48' title='bbox 1022 1076 1096 1148; x_wconf 82' lang='lat' dir='ltr'>aliis</span> <span class='ocrx_word' id='word_1_49' title='bbox 1114 1079 1194 1170; x_wconf 89' lang='lat' dir='ltr'>viis,</span> 
     </span>
     <span class='ocr_line' id='line_1_8' title="bbox 121 1186 1262 1302; baseline -0.001 -47.077"><span class='ocrx_word' id='word_1_50' title='bbox 121 1210 210 1279; x_wconf 88' lang='lat' dir='ltr'>quam</span> <span class='ocrx_word' id='word_1_51' title='bbox 234 1190 335 1259; x_wconf 86' lang='lat' dir='ltr'>armis</span> <span class='ocrx_word' id='word_1_52' title='bbox 368 1204 403 1259; x_wconf 90' lang='lat' dir='ltr'>ct</span> <span class='ocrx_word' id='word_1_53' title='bbox 430 1187 546 1279; x_wconf 89' lang='lat' dir='ltr'>bellis,</span> <span class='ocrx_word' id='word_1_54' title='bbox 574 1187 711 1284; x_wconf 84' lang='lat' dir='ltr'>aliisque</span> <span class='ocrx_word' id='word_1_55' title='bbox 742 1212 845 1283; x_wconf 90' lang='lat' dir='ltr'>quam</span> <span class='ocrx_word' id='word_1_56' title='bbox 870 1187 913 1258; x_wconf 91' lang='lat' dir='ltr'>de</span> <span class='ocrx_word' id='word_1_57' title='bbox 937 1200 1067 1257; x_wconf 86' lang='lat' dir='ltr'>armato</span> <span class='ocrx_word' id='word_1_58' title='bbox 1094 1186 1192 1255; x_wconf 89' lang='lat' dir='ltr'>hoste</span> <span class='ocrx_word' id='word_1_59' title='bbox 1251 1276 1262 1302; x_wconf 32' lang='lat'>⁵</span> 
     </span>
    </p>
   </div>
   <div class='ocr_carea' id='block_1_4' title="bbox 26 1291 1193 2892">
    <p class='ocr_par' dir='ltr' id='par_1_4' title="bbox 26 1286 1193 2892">
     <span class='ocr_line' id='line_1_9' title="bbox 120 1291 1193 1393; baseline 0 -32"><span class='ocrx_word' id='word_1_60' title='bbox 120 1292 256 1364; x_wconf 89' lang='lat' dir='ltr'>victoriis</span> <span class='ocrx_word' id='word_1_61' title='bbox 268 1310 368 1390; x_wconf 84' lang='lat' dir='ltr'>atque</span> <span class='ocrx_word' id='word_1_62' title='bbox 382 1297 581 1393; x_wconf 82' lang='lat' dir='ltr'>triumphis,</span> <span class='ocrx_word' id='word_1_63' title='bbox 599 1295 799 1367; x_wconf 85' lang='lat' dir='ltr'>ascenditur.</span> <span class='ocrx_word' id='word_1_64' title='bbox 817 1294 926 1390; x_wconf 88' lang='lat' dir='ltr'>Hujus</span> <span class='ocrx_word' id='word_1_65' title='bbox 945 1291 1048 1365; x_wconf 85' lang='lat' dir='ltr'>stellae</span> <span class='ocrx_word' id='word_1_66' title='bbox 1064 1306 1099 1362; x_wconf 89' lang='lat' dir='ltr'>et</span> <span class='ocrx_word' id='word_1_67' title='bbox 1118 1293 1193 1364; x_wconf 82' lang='lat' dir='ltr'>vir-</span> 
     </span>
     <span class='ocr_line' id='line_1_10' title="bbox 26 1396 1193 1498; baseline -0.003 -28"><span class='ocrx_word' id='word_1_68' title='bbox 26 1404 28 1415; x_wconf 81' lang='grc'>’</span> <span class='ocrx_word' id='word_1_69' title='bbox 121 1396 205 1493; x_wconf 85' lang='lat' dir='ltr'>gilius</span> <span class='ocrx_word' id='word_1_70' title='bbox 215 1416 318 1498; x_wconf 90' lang='lat' dir='ltr'>poeta</span> <span class='ocrx_word' id='word_1_71' title='bbox 332 1405 486 1473; x_wconf 87' lang='lat' dir='ltr'>meminit</span> <span class='ocrx_word' id='word_1_72' title='bbox 503 1404 538 1474; x_wconf 88' lang='lat' dir='ltr'>in</span> <span class='ocrx_word' id='word_1_73' title='bbox 557 1401 716 1474; x_wconf 91' lang='lat' dir='ltr'>Bucolico</span> <span class='ocrx_word' id='word_1_74' title='bbox 737 1404 906 1491; x_wconf 84' lang='lat' dir='ltr'>carmine,</span> <span class='ocrx_word' id='word_1_75' title='bbox 921 1415 956 1471; x_wconf 91' lang='lat' dir='ltr'>et</span> <span class='ocrx_word' id='word_1_76' title='bbox 976 1397 1193 1471; x_wconf 87' lang='lat' dir='ltr'>simulacrum</span> 
     </span>
     <span class='ocr_line' id='line_1_11' title="bbox 26 1504 1191 1604; baseline 0.003 -32"><span class='ocrx_word' id='word_1_77' title='bbox 26 1530 29 1537; x_wconf 95' lang='lat'><em>·</em></span> <span class='ocrx_word' id='word_1_78' title='bbox 118 1504 216 1599; x_wconf 90' lang='lat' dir='ltr'>ipsum</span> <span class='ocrx_word' id='word_1_79' title='bbox 237 1511 378 1580; x_wconf 80' lang='lat' dir='ltr'>Caesaris</span> <span class='ocrx_word' id='word_1_80' title='bbox 400 1511 544 1600; x_wconf 89' lang='lat' dir='ltr'>indicat,</span> <span class='ocrx_word' id='word_1_81' title='bbox 562 1510 658 1604; x_wconf 88' lang='lat' dir='ltr'>cujus</span> <span class='ocrx_word' id='word_1_82' title='bbox 679 1512 714 1579; x_wconf 91' lang='lat' dir='ltr'>in</span> <span class='ocrx_word' id='word_1_83' title='bbox 735 1511 861 1579; x_wconf 88' lang='lat' dir='ltr'>vertice</span> <span class='ocrx_word' id='word_1_84' title='bbox 883 1506 978 1578; x_wconf 89' lang='lat' dir='ltr'>stella</span> <span class='ocrx_word' id='word_1_85' title='bbox 1000 1522 1059 1577; x_wconf 86' lang='lat' dir='ltr'>est.</span> <span class='ocrx_word' id='word_1_86' title='bbox 1082 1507 1191 1577; x_wconf 90' lang='lat' dir='ltr'>Deni-</span> 
     </span>
     <span class='ocr_line' id='line_1_12' title="bbox 119 1615 1193 1713; baseline -0.001 -31"><span class='ocrx_word' id='word_1_87' title='bbox 119 1637 173 1706; x_wconf 86' lang='lat' dir='ltr'>que</span> <span class='ocrx_word' id='word_1_88' title='bbox 191 1616 412 1712; x_wconf 89' lang='lat' dir='ltr'>opprobrium</span> <span class='ocrx_word' id='word_1_89' title='bbox 438 1616 541 1708; x_wconf 92' lang='lat' dir='ltr'>illud,</span> <span class='ocrx_word' id='word_1_90' title='bbox 558 1616 649 1713; x_wconf 88' lang='lat' dir='ltr'>quod</span> <span class='ocrx_word' id='word_1_91' title='bbox 666 1615 833 1710; x_wconf 85' lang='lat' dir='ltr'>conjurati</span> <span class='ocrx_word' id='word_1_92' title='bbox 853 1615 890 1684; x_wconf 87' lang='lat' dir='ltr'>in</span> <span class='ocrx_word' id='word_1_93' title='bbox 910 1616 1096 1685; x_wconf 79' lang='lat' dir='ltr'>extinctum</span> <span class='ocrx_word' id='word_1_94' title='bbox 1120 1638 1193 1681; x_wconf 89' lang='lat' dir='ltr'>me·</span> 
     </span>
     <span class='ocr_line' id='line_1_13' title="bbox 117 1716 1191 1821; baseline 0.002 -34"><span class='ocrx_word' id='word_1_95' title='bbox 117 1716 200 1789; x_wconf 88' lang='lat' dir='ltr'>ditati</span> <span class='ocrx_word' id='word_1_96' title='bbox 226 1738 347 1813; x_wconf 82' lang='lat' dir='ltr'>erant,</span> <span class='ocrx_word' id='word_1_97' title='bbox 370 1725 480 1819; x_wconf 90' lang='lat' dir='ltr'>primo</span> <span class='ocrx_word' id='word_1_98' title='bbox 504 1723 640 1821; x_wconf 92' lang='lat' dir='ltr'>quidem</span> <span class='ocrx_word' id='word_1_99' title='bbox 673 1725 708 1792; x_wconf 90' lang='lat' dir='ltr'>in</span> <span class='ocrx_word' id='word_1_100' title='bbox 730 1738 863 1820; x_wconf 87' lang='lat' dir='ltr'>tempus</span> <span class='ocrx_word' id='word_1_101' title='bbox 885 1746 925 1791; x_wconf 89' lang='lat' dir='ltr'>ac</span> <span class='ocrx_word' id='word_1_102' title='bbox 955 1720 1068 1790; x_wconf 88' lang='lat' dir='ltr'>locum</span> <span class='ocrx_word' id='word_1_103' title='bbox 1093 1718 1191 1790; x_wconf 77' lang='lat' dir='ltr'>credis</span> 
     </span>
     <span class='ocr_line' id='line_1_14' title="bbox 118 1824 1191 1926; baseline 0.002 -33"><span class='ocrx_word' id='word_1_104' title='bbox 118 1848 240 1899; x_wconf 90' lang='lat' dir='ltr'>versum</span> <span class='ocrx_word' id='word_1_105' title='bbox 258 1844 330 1916; x_wconf 86' lang='lat' dir='ltr'>est;</span> <span class='ocrx_word' id='word_1_106' title='bbox 353 1857 432 1901; x_wconf 86' lang='lat' dir='ltr'>nam</span> <span class='ocrx_word' id='word_1_107' title='bbox 451 1846 485 1903; x_wconf 90' lang='lat' dir='ltr'>et</span> <span class='ocrx_word' id='word_1_108' title='bbox 502 1833 631 1903; x_wconf 90' lang='lat' dir='ltr'>curiam</span> <span class='ocrx_word' id='word_1_109' title='bbox 647 1832 775 1926; x_wconf 86' lang='lat' dir='ltr'>ipsam,</span> <span class='ocrx_word' id='word_1_110' title='bbox 793 1854 857 1900; x_wconf 88' lang='lat' dir='ltr'>ceu</span> <span class='ocrx_word' id='word_1_111' title='bbox 868 1828 1052 1899; x_wconf 87' lang='lat' dir='ltr'>infaustum</span> <span class='ocrx_word' id='word_1_112' title='bbox 1062 1824 1191 1916; x_wconf 90' lang='lat' dir='ltr'>locum,</span> 
     </span>
     <span class='ocr_line' id='line_1_15' title="bbox 117 1930 1191 2035; baseline 0.002 -35"><span class='ocrx_word' id='word_1_113' title='bbox 117 1930 214 2005; x_wconf 85' lang='lat' dir='ltr'>claudi</span> <span class='ocrx_word' id='word_1_114' title='bbox 229 1937 361 2031; x_wconf 87' lang='lat' dir='ltr'>jussum</span> <span class='ocrx_word' id='word_1_115' title='bbox 394 1953 465 2028; x_wconf 82' lang='lat' dir='ltr'>cst3</span> <span class='ocrx_word' id='word_1_116' title='bbox 483 1938 650 2033; x_wconf 86' lang='lat' dir='ltr'>hodieque</span> <span class='ocrx_word' id='word_1_117' title='bbox 667 1935 832 2035; x_wconf 85' lang='lat' dir='ltr'>praeclusa</span> <span class='ocrx_word' id='word_1_118' title='bbox 849 1938 971 2031; x_wconf 84' lang='lat' dir='ltr'>vixque</span> <span class='ocrx_word' id='word_1_119' title='bbox 992 1931 1191 2004; x_wconf 88' lang='lat' dir='ltr'>accessibilis</span> 
     </span>
     <span class='ocr_line' id='line_1_16' title="bbox 117 2041 1192 2143; baseline 0.001 -36"><span class='ocrx_word' id='word_1_120' title='bbox 117 2054 181 2131; x_wconf 82' lang='lat' dir='ltr'>est3</span> <span class='ocrx_word' id='word_1_121' title='bbox 201 2042 281 2114; x_wconf 89' lang='lat' dir='ltr'>Idus</span> <span class='ocrx_word' id='word_1_122' title='bbox 296 2047 433 2115; x_wconf 89' lang='lat' dir='ltr'>martias</span> <span class='ocrx_word' id='word_1_123' title='bbox 448 2044 664 2143; x_wconf 89' lang='lat' dir='ltr'>parricidium</span> <span class='ocrx_word' id='word_1_124' title='bbox 684 2044 873 2129; x_wconf 83' lang='lat' dir='ltr'>nominari3</span> <span class='ocrx_word' id='word_1_125' title='bbox 897 2043 964 2114; x_wconf 87' lang='lat' dir='ltr'>hoc</span> <span class='ocrx_word' id='word_1_126' title='bbox 978 2041 1129 2135; x_wconf 87' lang='lat' dir='ltr'>adjecto,</span> <span class='ocrx_word' id='word_1_127' title='bbox 1147 2064 1192 2109; x_wconf 89' lang='lat' dir='ltr'>ne</span> 
     </span>
     <span class='ocr_line' id='line_1_17' title="bbox 116 2149 1191 2242; baseline -0.001 -26"><span class='ocrx_word' id='word_1_128' title='bbox 116 2169 271 2242; x_wconf 85' lang='lat' dir='ltr'>unquam,</span> <span class='ocrx_word' id='word_1_129' title='bbox 292 2152 348 2221; x_wconf 90' lang='lat' dir='ltr'>die</span> <span class='ocrx_word' id='word_1_130' title='bbox 374 2152 449 2242; x_wconf 92' lang='lat' dir='ltr'>illo,</span> <span class='ocrx_word' id='word_1_131' title='bbox 475 2168 609 2223; x_wconf 87' lang='lat' dir='ltr'>senatus</span> <span class='ocrx_word' id='word_1_132' title='bbox 632 2152 836 2221; x_wconf 89' lang='lat' dir='ltr'>haberetur:</span> <span class='ocrx_word' id='word_1_133' title='bbox 859 2174 995 2221; x_wconf 89' lang='lat' dir='ltr'>versum</span> <span class='ocrx_word' id='word_1_134' title='bbox 1017 2162 1068 2218; x_wconf 89' lang='lat' dir='ltr'>est</span> <span class='ocrx_word' id='word_1_135' title='bbox 1089 2149 1191 2218; x_wconf 89' lang='lat' dir='ltr'>etiarn</span> 
     </span>
     <span class='ocr_line' id='line_1_18' title="bbox 116 2251 1190 2357; baseline 0.004 -37"><span class='ocrx_word' id='word_1_136' title='bbox 116 2251 242 2351; x_wconf 90' lang='lat' dir='ltr'>inipsos</span> <span class='ocrx_word' id='word_1_137' title='bbox 266 2258 367 2330; x_wconf 89' lang='lat' dir='ltr'>caedis</span> <span class='ocrx_word' id='word_1_138' title='bbox 386 2274 562 2357; x_wconf 84' lang='lat' dir='ltr'>auctores,</span> <span class='ocrx_word' id='word_1_139' title='bbox 581 2284 726 2354; x_wconf 88' lang='lat' dir='ltr'>quorum</span> <span class='ocrx_word' id='word_1_140' title='bbox 749 2257 861 2328; x_wconf 90' lang='lat' dir='ltr'>nullus</span> <span class='ocrx_word' id='word_1_141' title='bbox 882 2258 1027 2327; x_wconf 89' lang='lat' dir='ltr'>triennio</span> <span class='ocrx_word' id='word_1_142' title='bbox 1046 2252 1190 2352; x_wconf 88' lang='lat' dir='ltr'>amplius</span> 
     </span>
     <span class='ocr_line' id='line_1_19' title="bbox 116 2363 1191 2457; baseline 0.002 -28"><span class='ocrx_word' id='word_1_143' title='bbox 116 2366 312 2457; x_wconf 79' lang='lat' dir='ltr'>supervixit,</span> <span class='ocrx_word' id='word_1_144' title='bbox 333 2366 446 2437; x_wconf 92' lang='lat' dir='ltr'>nullus</span> <span class='ocrx_word' id='word_1_145' title='bbox 473 2381 582 2438; x_wconf 85' lang='lat' dir='ltr'>morte</span> <span class='ocrx_word' id='word_1_146' title='bbox 609 2367 692 2436; x_wconf 91' lang='lat' dir='ltr'>obiit</span> <span class='ocrx_word' id='word_1_147' title='bbox 713 2363 874 2435; x_wconf 87' lang='lat' dir='ltr'>naturali:</span> <span class='ocrx_word' id='word_1_148' title='bbox 900 2363 1051 2433; x_wconf 87' lang='lat' dir='ltr'>damnati</span> <span class='ocrx_word' id='word_1_149' title='bbox 1072 2385 1191 2431; x_wconf 89' lang='lat' dir='ltr'>omnes</span> 
     </span>
     <span class='ocr_line' id='line_1_20' title="bbox 115 2464 1192 2570; baseline 0.002 -35"><span class='ocrx_word' id='word_1_150' title='bbox 115 2464 241 2542; x_wconf 89' lang='lat' dir='ltr'>diversis</span> <span class='ocrx_word' id='word_1_151' title='bbox 261 2473 439 2545; x_wconf 83' lang='lat' dir='ltr'>eventibus</span> <span class='ocrx_word' id='word_1_152' title='bbox 455 2475 605 2570; x_wconf 74' lang='lat' dir='ltr'>periere,</span> <span class='ocrx_word' id='word_1_153' title='bbox 627 2470 682 2542; x_wconf 88' lang='lat' dir='ltr'>alii</span> <span class='ocrx_word' id='word_1_154' title='bbox 702 2472 903 2568; x_wconf 82' lang='lat' dir='ltr'>naufragio,</span> <span class='ocrx_word' id='word_1_155' title='bbox 919 2468 1008 2541; x_wconf 90' lang='lat' dir='ltr'>bello</span> <span class='ocrx_word' id='word_1_156' title='bbox 1028 2468 1103 2559; x_wconf 86' lang='lat' dir='ltr'>alii,</span> <span class='ocrx_word' id='word_1_157' title='bbox 1122 2469 1192 2564; x_wconf 86' lang='lat' dir='ltr'>qui·</span> 
     </span>
     <span class='ocr_line' id='line_1_21' title="bbox 115 2571 1190 2678; baseline 0 -33"><span class='ocrx_word' id='word_1_158' title='bbox 115 2571 182 2645; x_wconf 85' lang='lat' dir='ltr'>darn</span> <span class='ocrx_word' id='word_1_159' title='bbox 203 2581 330 2675; x_wconf 87' lang='lat' dir='ltr'>seipsos</span> <span class='ocrx_word' id='word_1_160' title='bbox 363 2581 492 2678; x_wconf 83' lang='lat' dir='ltr'>gladio,</span> <span class='ocrx_word' id='word_1_161' title='bbox 513 2607 581 2678; x_wconf 91' lang='lat' dir='ltr'>quo</span> <span class='ocrx_word' id='word_1_162' title='bbox 603 2583 771 2650; x_wconf 84' lang='lat' dir='ltr'>Caesarem</span> <span class='ocrx_word' id='word_1_163' title='bbox 792 2577 1077 2666; x_wconf 83' lang='lat' dir='ltr'>vulneraverant,</span> <span class='ocrx_word' id='word_1_164' title='bbox 1099 2577 1190 2646; x_wconf 91' lang='lat' dir='ltr'>occi·</span> 
     </span>
     <span class='ocr_line' id='line_1_22' title="bbox 26 2677 1188 2781; baseline 0.004 -34"><span class='ocrx_word' id='word_1_165' title='bbox 26 2745 28 2778; x_wconf 54' lang='lat'>,</span> <span class='ocrx_word' id='word_1_166' title='bbox 113 2677 242 2776; x_wconf 89' lang='lat' dir='ltr'>derunt,</span> <span class='ocrx_word' id='word_1_167' title='bbox 257 2678 488 2781; x_wconf 48' lang='lat' dir='ltr'>utlevidcnter</span> <span class='ocrx_word' id='word_1_168' title='bbox 509 2686 762 2778; x_wconf 87' lang='lat' dir='ltr'>ostenderetur,</span> <span class='ocrx_word' id='word_1_169' title='bbox 781 2684 909 2759; x_wconf 80' lang='lat' dir='ltr'>caedem</span> <span class='ocrx_word' id='word_1_170' title='bbox 926 2683 1017 2755; x_wconf 83' lang='lat' dir='ltr'>illam</span> <span class='ocrx_word' id='word_1_171' title='bbox 1036 2707 1100 2756; x_wconf 88' lang='lat' dir='ltr'>nec</span> <span class='ocrx_word' id='word_1_172' title='bbox 1112 2684 1188 2765; x_wconf 78' lang='lat' dir='ltr'>Dep</span> 
     </span>
     <span class='ocr_line' id='line_1_23' title="bbox 26 2790 583 2892; baseline 0.007 -32"><span class='ocrx_word' id='word_1_173' title='bbox 26 2801 41 2891; x_wconf 42' lang='grc' dir='ltr'>ᾗ</span> <span class='ocrx_word' id='word_1_174' title='bbox 114 2809 167 2859; x_wconf 83' lang='lat' dir='ltr'>nec</span> <span class='ocrx_word' id='word_1_175' title='bbox 185 2790 386 2868; x_wconf 91' lang='lat' dir='ltr'>hominibus</span> <span class='ocrx_word' id='word_1_176' title='bbox 407 2793 583 2892; x_wconf 87' lang='lat' dir='ltr'>placuisse.</span> 
     </span>
    </p>
   </div>
   <div class='ocr_carea' id='block_1_5' title="bbox 0 0 1504 5025">
    <p class='ocr_par' dir='ltr' id='par_1_5' title="bbox 0 0 1504 5025">
     <span class='ocr_line' id='line_1_24' title="bbox 0 0 1504 5025; baseline 0 6"><span class='ocrx_word' id='word_1_177' title='bbox 0 0 1504 5025; x_wconf 95' lang='lat' dir='ltr'> </span> 
     </span>
    </p>
   </div>
  </div>
 </body>
</html>
