3000 5025
305 500 375 566 nn
403 498 531 567 vini
558 500 706 568 Junn
735 501 983 573 casinis.
1105 532 1174 606 ιη

122 634 189 701 tium
205 654 344 719 emuna,
369 656 440 700 sese
466 630 548 701 locis
570 636 811 728 patentioribus
833 638 967 713 liberius
989 643 1177 746 defensuri,

120 740 299 807 uenarum
324 754 558 834 picniereratur
584 744 764 837 angustiis,
788 746 823 814 in
847 748 994 844 plateam
1015 755 1176 854 confuge-

118 860 197 914 runt:
210 860 388 941 postquam
403 870 485 915 vere
503 848 829 942 animadverterunt,
840 854 1099 956 haudquaquam
1109 870 1177 938 Ro.

117 978 214 1021 nanos
225 954 258 1020 in
268 952 370 1047 plana
387 952 672 1045 &emendemsed
684 982 753 1027 uno
772 959 874 1030 alium
890 965 1061 1039 attollente
1073 980 1177 1071 magis

115 1085 146 1129 ac
162 1062 262 1155 inagis
284 1061 408 1129 inoenia
427 1060 625 1156 complere,
649 1079 834 1138 metuentes
859 1072 1007 1168 undique
1034 1080 1177 1153 circum·

89 1240 90 1247 χ
115 1166 203 1255 cludi,
220 1166 401 1263 fiigauiqne
424 1170 529 1264 eripe
554 1170 703 1265 trepide,
728 1176 829 1245 annis
853 1178 1009 1272 abjectis,
1029 1200 1178 1260 extrema

115 1274 211 1369 oppidi
229 1298 332 1343 cursu
353 1274 472 1369 rapido
494 1278 641 1371 petiere:
665 1277 710 1347 ibi
730 1306 809 1374 pars
826 1301 1006 1378 portarum
1028 1292 1063 1359 in
1087 1298 1178 1367 exitu

116 1405 142 1449 se
154 1396 324 1467 multans,
343 1405 422 1475 pars
431 1383 560 1451 lluroen
575 1398 783 1476 transvecta,
801 1388 844 1458 ab
860 1394 1024 1487 equitibus
1045 1399 1177 1475 adhaec

116 1489 225 1575 nissis,
245 1489 323 1555 caesi
342 1512 467 1557 ornnes.
484 1488 624 1557 Nullum
644 1492 769 1585 pradia
789 1498 935 1568 studium
952 1503 1010 1571 sed
1024 1506 1179 1580 vindictae

116 1592 188 1663 tut:
211 1594 367 1662 omnibus
387 1609 464 1663 ante
481 1594 600 1665 oeulos
623 1622 714 1666 mors
732 1616 806 1669 erat
819 1621 1049 1679 mercatorum
1069 1638 1177 1686 roma·

117 1724 218 1769 norum
240 1702 299 1794 qui
319 1700 363 1768 ad
381 1702 750 1789 Genabum,iu1u1eriti
770 1707 817 1776 illi
838 1712 990 1805 quidem,
1013 1718 1082 1787 sola
1098 1724 1178 1792 Gal·

116 1804 208 1875 lorum
223 1806 422 1875 crudelitate
446 1809 630 1903 perierant3
652 1811 723 1904 ejus
744 1813 842 1885 caedis
869 1821 1057 1893 recordatio
1078 1852 1179 1925 supra

116 1910 332 1983 Rornanorum
348 1938 479 1985 rnorem
501 1916 681 1986 acerbabat
703 1921 850 2011 animos,
872 1940 910 1994 ut
930 1951 994 1997 nec
1013 1936 1100 2002 aetati
1117 1944 1180 2007 nec

115 2023 191 2089 emi
211 2036 415 2117 parceretur.
433 2024 485 2090 Ex
507 2023 661 2093 omnibus
680 2026 793 2121 itaque
818 2032 874 2125 qui
899 2035 934 2101 in
958 2038 1082 2133 oppido
1102 2059 1180 2113 sunt

114 2126 239 2217 inuenti,
261 2152 407 2222 querum
427 2152 589 2199 numeras
613 2130 657 2199 ad
677 2134 898 2232 quadraginta
914 2141 1018 2211 millia
1032 2152 1179 2242 capitum

116 2235 266 2322 ascaidit,
287 2236 344 2303 vix
368 2236 550 2331 octingenti
568 2239 626 2331 qui
647 2238 690 2306 ad
707 2243 855 2336 primum
875 2250 964 2343 capti
981 2254 1095 2347 oppidi
1113 2256 1179 2326 cla-

116 2366 229 2411 uorum
250 2364 321 2411 sese
341 2344 449 2437 portis
468 2346 641 2439 murisque
661 2350 927 2444 praeripuerant,
949 2380 1084 2430 evasere
1109 2389 1117 2431 :
1147 2379 1181 2433 ct

116 2449 233 2520 Avarici
261 2449 396 2544 quidem
419 2447 523 2546 longa
553 2476 592 2522 ac
626 2451 779 2524 difficilis.
792 2458 920 2530 obsidio
945 2462 1037 2535 hunc
1062 2468 1182 2541 habuit

115 2553 211 2627 finani.
225 2559 481 2652 Vercingetorix
502 2581 585 2626 vero
607 2560 824 2633 Avaricenses
837 2566 993 2662 reliquias
1015 2591 1181 2648 nocturna

116 2660 182 2758 liga
197 2667 234 2732 in
246 2687 310 2732 sua
333 2678 440 2732 castra
463 2663 586 2734 delatas
609 2665 790 2738 clementer
808 2677 959 2768 excepit,
978 2701 1017 2747 ac
1038 2685 1180 2775 veritus,

115 2791 150 2836 ne
165 2797 232 2866 qua
246 2797 292 2839 ex
312 2795 431 2838 eorum
452 2774 672 2866 pennixtione
691 2775 917 2848 tumultuandi
939 2788 1071 2856 occasio
1095 2814 1180 2883 prae-

115 2873 254 2966 leretur,
275 2877 502 2972 segregandos
528 2882 675 2968 curavit3
697 2897 736 2950 ut
751 2909 857 2978 quum
874 2904 983 2958 castra
1001 2910 1112 2964 essent
1129 2923 1179 2966 sc·
1288 2992 1290 2995 Ι

116 2984 251 3053 undum
271 3009 449 3052 nuuierum
465 2985 658 3077 distrdauta,
671 2989 716 3058 ad
733 3015 810 3061 suos
829 2997 969 3090 quisque
991 2999 1179 3076 duceretur.

117 3089 180 3184 lpse
192 3117 276 3160 ‘vero
295 3117 402 3185 neque
420 3091 487 3161 hoc
503 3093 630 3162 fractus
646 3111 705 3164 aut
723 3095 870 3192 dejectus
885 3121 1025 3196 eventu,
1039 3111 1085 3177 ita
1101 3137 1180 3183 con-

119 3196 227 3268 sulatus
243 3214 296 3268 est
317 3223 411 3286 suos,
430 3213 469 3266 ut
489 3199 636 3269 diceret:
655 3205 740 3274 Non
755 3211 896 3299 virtute,
917 3215 983 3282 sed
998 3232 1075 3284 arte
1095 3245 1182 3312 quu-

118 3303 188 3374 dcm
208 3331 323 3376 muros
347 3308 594 3401 oppugnandi,
619 3314 800 3382 victoriam
822 3317 915 3386 hone
933 3323 1101 3392 nomana
1122 3329 1182 3397 ob-

120 3416 244 3506 tigisse:
272 3415 413 3482 stultum
431 3437 506 3482 esse
526 3420 561 3484 in
581 3415 678 3486 bellu
687 3444 864 3517 propera
881 3434 1000 3496 omnia
1017 3454 1179 3524 sperare,

120 3521 332 3615 temperanda
350 3519 505 3590 dulcidio
523 3545 665 3614 amara,
685 3527 775 3596 laetu
789 3535 902 3623 trisa'a
911 3560 925 3620 ,·
935 3559 1113 3630 nunquam
1130 3548 1187 3612 sui

121 3630 241 3698 casita
249 3629 372 3721 sitisse
395 3644 437 3696 ut
458 3629 699 3721 definderetur
720 3660 732 3702 .·
742 3635 880 3728 ficisse
902 3640 968 3711 hoe
993 3647 1184 3743 Biturigum

121 3736 328 3828 uprooidmn
342 3740 513 3831 pietaten
526 3753 563 3806 et
567 3738 720 3830 facilem
739 3749 840 3812 nimis
854 3747 1100 3844 indulgentiam
1116 3783 1183 3827 ειε-

122 3854 277 3931 teronem
293 3843 562 3939 permittendum
571 3845 737 3937 fhrtunae
754 3876 817 3922 suo
826 3854 911 3947 jure
933 3862 997 3946 uti,
1022 3863 1120 3952 quod
1135 3867 1188 3938 illi

122 3969 212 4037 quum
233 3950 357 4044 abque
379 3973 563 4046 magnum,
588 3969 659 4022 laun
686 3963 721 4026 in
748 3957 837 4031 bello
862 3970 1050 4036 maximum
1079 3988 1186 4068 atque

123 4056 384 4153 &exsuperabile
404 4062 457 4126 stt.
474 4059 580 4150 Quod
594 4061 647 4130 ad
662 4088 700 4132 se
722 4073 898 4158 attineret,
921 4096 1052 4147 sununo
1070 4081 1184 4153 stztdzb

124 4165 278 4233 misorum
293 4182 333 4232 ot
348 4167 596 4236 incommodum
614 4191 705 4239 nunc
725 4173 859 4245 illatum
873 4181 988 4250 multis
1001 4178 1037 4254 el
1049 4195 1187 4282 magna
