3000 5025
321 468 409 555 ‘rot
542 468 570 535 J.
599 466 756 537 censa
784 464 1178 535 connanrlnu

331 593 557 697 gestaverant,
571 600 737 667 insuetum
752 597 815 666 sibi
829 596 982 691 supplicii
994 622 1098 691 genus
1109 602 1271 688 exercuit,
1284 598 1411 693 qulbus

331 709 374 778 ad
396 725 557 778 terrorem
579 719 777 774 caeterorum
795 705 938 797 praecisis
956 704 1109 773 manibus
1129 708 1233 774 vitam
1249 708 1350 777 dedit

385 818 448 883 Per
471 813 533 881 bos
554 813 643 906 ipsos
669 811 738 881 dies
760 810 926 879 Labienus
946 812 1091 906 equestri
1112 812 1226 905 praelio
1248 817 1407 889 Treviros

329 922 424 1008 vicit,
447 918 636 1010 multosque
654 942 771 985 comm
786 940 825 1009 ac
841 920 1105 1004 Germanorum,
1123 921 1181 1012 qui
1195 921 1242 988 eis
1259 919 1408 992 tulerant

329 1027 545 1119 tulissentque
557 1024 838 1093 omnibuscontra
849 1026 1022 1093 Romanos
1033 1023 1209 1113 auxilium,
1221 1028 1407 1117 interfecit;

328 1133 451 1203 multos
472 1158 513 1201 ex
536 1129 740 1226 principibus
759 1132 854 1198 vivos
873 1132 982 1225 cepit;
1003 1144 1037 1199 et
1054 1133 1210 1200 Luterius
1228 1134 1408 1205 Cadurcus

327 1266 426 1334 quem
446 1240 572 1308 victum
591 1261 610 1304 a
626 1237 769 1305 Caninio
787 1236 974 1331 profugisse
988 1241 1191 1325 memoravi,
1204 1265 1313 1334 ,quum
1332 1266 1406 1311 cre·

326 1347 470 1416 berrime
493 1347 639 1413 muta'ret
656 1343 816 1437 hospitia,
833 1358 873 1413 ut
893 1346 952 1438 qui
970 1344 1031 1413 sibi
1049 1343 1136 1421 male
1154 1349 1308 1417 conscius
1323 1372 1406 1418 nus·

325 1478 425 1547 quam
445 1465 555 1535 tutum
579 1475 614 1519 se
635 1463 787 1545 putaret,
802 1465 837 1519 et
857 1452 903 1519 sic
924 1475 1029 1546 vagus
1047 1450 1133 1519 forte
1151 1453 1187 1519 in
1203 1476 1323 1522 manus
1345 1480 1404 1525 ve·

323 1562 427 1630 nisset
438 1558 617 1653 Epasnacti
628 1557 786 1645 Arverni,
801 1559 876 1651 qui,
895 1559 982 1626 inter
998 1571 1049 1625 tot
1061 1560 1176 1650 patriae
1188 1584 1257 1627 suae
1271 1549 1402 1650 motus,

309 1690 456 1761 semper
475 1665 655 1734 amicitiam
674 1662 790 1757 populi
813 1665 943 1733 romani
963 1688 1032 1732 uno
1054 1663 1131 1745 fider
1149 1679 1266 1736 tenore
1286 1692 1402 1737 serva·

323 1788 434 1855 verat,
458 1797 518 1866 per
532 1795 609 1839 eum
626 1772 758 1837 vinctus
775 1770 818 1837 ad
834 1772 1001 1840 Caesarem
1015 1784 1066 1839 est
1080 1771 1270 1864 perductus.
1285 1776 1403 1845 Rebus

323 1881 435 1975 itaque
453 1878 495 1946 ad
509 1891 626 1945 votum
643 1876 844 1963 fluentibus,
859 1878 972 1945 Caesar
982 1878 1075 1945 omni
1085 1875 1196 1947 Gallia
1211 1880 1403 1972 perdomita

323 2012 419 2056 suum
435 1982 593 2070 credidit,
611 1982 842 2075 Aquitaniam,
864 1981 942 2051 licet
958 2008 1019 2077 per
1038 1982 1164 2078 legatos
1180 1987 1325 2075 victam,
1340 2014 1402 2082 per

323 2118 357 2161 se
368 2088 673 2181 adirc,ibidemque
691 2112 791 2181 agere
803 2088 883 2182 quid
893 2104 1080 2183 superesset
1088 2092 1218 2161 aestatis.
1233 2096 1285 2162 Eo
1296 2094 1402 2188 igitur

322 2198 512 2292 profectus,
535 2218 651 2263 omnes
677 2191 748 2261 illas
770 2208 899 2282 terras,
922 2197 1112 2284 incertum,
1138 2212 1251 2267 utrum
1278 2201 1400 2293 majori

322 2303 478 2373 felicitate
498 2326 542 2369 an
562 2298 730 2369 celeritate
751 2304 965 2395 composuit:
988 2327 1089 2397 quum
1110 2308 1262 2373 certatim
1280 2332 1400 2378 omnes

321 2412 431 2505 primo
441 2409 511 2503 ejus
525 2406 682 2495 adventu,
690 2421 723 2474 et
734 2407 866 2477 obsides
876 2408 918 2476 ad
929 2434 1007 2477 eum
1020 2412 1204 2499 mitterent,
1214 2426 1249 2481 et
1259 2412 1400 2507 legatos,

321 2516 478 2611 eligentes
496 2511 762 2584 benevolentiam
784 2517 868 2584 tanti
887 2517 950 2584 viri
965 2518 1075 2610 potius
1095 2541 1195 2612 quam
1213 2524 1398 2613 potentiam

321 2626 471 2718 experiri.
495 2621 578 2690 Inde
599 2621 795 2689 Narbonem
818 2621 914 2706 adiit,
936 2623 1114 2716 divisisque
1132 2623 1319 2719 legionibus
1338 2653 1400 2723 per

321 2731 540 2818 hibema‚sie
563 2724 711 2796 utnulla
737 2752 815 2821 pars
840 2726 956 2798 Galliae
980 2729 1139 2822 praesidiis
1163 2756 1270 2801 vacua
1287 2751 1396 2824 esset3

320 2839 390 2932 ipse
413 2837 554 2930 cognitis
574 2836 661 2902 inter
689 2834 837 2902 eundum
865 2837 972 2904 causis
992 2834 1215 2930 populorum,
1239 2839 1282 2908 ad
1306 2836 1400 2935 quod

259 3001 261 3006 ,
321 2968 420 3012 nemo
440 2943 564 3035 aptior,
582 2963 689 3008 nemo
700 2939 764 3007 firit
779 2940 924 3029 facilior,
943 2944 1083 3036 cognitis
1099 2959 1133 3012 et
1143 2946 1269 3015 meritis
1283 2949 1398 3066 singu·

321 3050 448 3134 lorum,
467 3061 500 3116 et
516 3070 579 3140 pro
595 3047 754 3113 varietate
772 3049 967 3116 meritorum
982 3051 1093 3166 poenis
1108 3065 1167 3119 aut
1184 3054 1330 3144 praemiis
1345 3080 1395 3126 as·

322 3156 475 3251 signatis,
494 3155 556 3221 iter
576 3151 690 3220 flexit
682 3177 716 3218 m
727 3150 855 3245 Belgas.
869 3155 921 3222 Ibi
937 3156 1123 3247 proximam
1140 3156 1294 3250 hyemem
1308 3165 1396 3257 egit,

322 3285 463 3358 corpore
490 3259 603 3328 forsan
629 3259 782 3346 otiosior,
802 3282 904 3351 quam
928 3274 1056 3349 aestate,
1078 3262 1136 3331 sed
1166 3289 1235 3333 non
1260 3268 1396 3337 animo:

321 3385 355 3439 et
373 3389 574 3463 quamquam
595 3366 780 3458 praeteritas
799 3389 860 3458 per
877 3365 1013 3458 hyemes
1028 3316 1094 3436 all
1086 3373 1296 3462 sequentium
1314 3400 1397 3444 senr-

322 3501 383 3571 per
404 3488 555 3543 aestatum
577 3469 664 3540 bella
690 3469 848 3538 sollicitus
874 3470 1005 3559 fuisset,
1034 3499 1124 3545 nunc
1146 3501 1214 3544 una
1240 3476 1287 3547 illi
1315 3505 1398 3550 eura

322 3597 395 3652 erat
415 3603 514 3649 omne
527 3576 604 3647 belli
622 3600 736 3645 semen
754 3577 962 3670 extinguere,
980 3580 1061 3649 nihil
1073 3583 1189 3670 armis,
1205 3584 1263 3652 sed
1282 3590 1397 3658 omnia

321 3688 457 3758 mitibus
479 3688 576 3772 actis,
598 3681 750 3750 dulcibus
769 3684 879 3752 verbis
900 3709 1019 3779 agere,
1040 3689 1165 3757 amicos
1180 3705 1309 3762 veteres
1326 3719 1394 3764 ser·

321 3821 418 3881 vare,
433 3816 538 3862 novos
554 3813 717 3884 quarere,
734 3787 816 3857 nulli
828 3789 954 3860 malum
966 3792 1091 3880 facere,
1112 3795 1200 3864 bona
1218 3800 1396 3884 omnibus,

321 3901 367 3971 nil
384 3903 463 3970 novi
485 3898 594 3967 oneris
618 3897 806 3989 imponere,
829 3896 942 3966 multis
961 3914 1075 3968 vetera
1098 3900 1151 3970 vel
1171 3905 1321 3974 nunuere
1338 3904 1392 3976 vel

320 4010 470 4090 auferre,
491 4004 633 4096 denique
648 4002 757 4075 modis
773 4004 927 4075 omnibus
942 4029 1078 4094 curare,
1094 4022 1132 4076 ut
1146 4008 1317 4082 discedens
1330 4036 1392 4106 pa·

319 4132 426 4187 catam
453 4109 652 4205 relinqueret
672 4112 857 4205 regionem3
878 4125 911 4182 et
931 4120 1080 4182 cessante
1099 4113 1188 4185 bello
1210 4117 1254 4186 ad
1271 4121 1391 4189 trium·
