3000 5025
21 654 25 751 l

336 500 406 569 DE
434 502 566 570 VITA'
591 500 735 569 JU'LII
765 500 1005 572 CAESARIS.
1135 501 1212 575 235

130 634 260 703 veniam
283 650 383 704 orant
405 638 673 731 impetrantque;
697 662 841 732 cumque
868 639 995 733 ingenti
1022 636 1213 734 supplicum

129 744 288 811 comitatu
302 746 439 812 Zamam
455 745 616 839 peruenit.
636 746 781 842 Cognita
800 759 912 814 autem
930 744 1106 815 clementia
1116 748 1213 841 ejus,

128 874 220 945 quae,
249 864 320 919 tam
345 850 459 920 multis
481 852 644 943 exhibita,
674 853 777 923 latere
804 876 873 922 non
901 868 1058 949 poterat,
1087 856 1214 949 equites

129 960 221 1051 regni
248 958 408 1028 omnibus
428 982 468 1027 ex
487 958 616 1055 angulis
646 965 784 1031 Zamam
806 964 1038 1050 conveniunt,
1060 975 1213 1056 petentes

128 1066 285 1154 veniam3
307 1064 389 1134 nulli
410 1068 561 1135 omnium
584 1084 706 1166 negata
728 1085 779 1139 est
801 1094 810 1137 z
832 1071 955 1138 servati
976 1091 1112 1155 omnes,
1141 1093 1211 1137 me·

126 1187 229 1266 tuque
251 1188 286 1241 et
308 1173 458 1269 periculo
478 1172 624 1265 liberati,
644 1176 756 1247 nullus
777 1202 813 1246 re
835 1191 893 1246 aut
914 1177 1020 1246 verbo
1040 1174 1196 1245 violabis:

177 1283 274 1348 Dum
289 1281 362 1349 baec
379 1284 493 1351 Cacsar
505 1281 547 1350 ad
563 1286 700 1353 Zamam
715 1287 817 1379 gerit,
833 1283 1013 1353 Considius
1026 1282 1101 1370 ille,
1116 1284 1212 1377 cujus

18 1440 20 1483 5
125 1412 226 1481 supra
249 1388 377 1456 mentio
401 1402 451 1457 est
478 1388 608 1479 habita,
632 1393 688 1485 qui
713 1393 868 1459 nuntium
897 1390 1060 1459 ferentem
1084 1389 1212 1459 litteras

18 1508 19 1557 ὲ
122 1496 213 1587 pacis
236 1495 433 1584 occiderat,
453 1495 623 1567 fortunam
641 1499 779 1567 audieris
801 1522 937 1567 suarum
955 1500 1116 1593 partium,
1134 1497 1211 1565 sibi·

18 1626 19 1683 ξ
122 1625 184 1695 que
200 1617 437 1697 permetuens,
459 1603 595 1693 Tisdra,
614 1608 668 1674 cui
686 1621 768 1675 tunc
791 1620 951 1700 praeerat,
969 1605 1120 1692 deserta,
1132 1629 1210 1672 cum

17 1726 18 1767 f
123 1706 254 1803 ingenti
267 1712 410 1803 pecunia
424 1711 555 1781 Getulis
565 1713 804 1782 comitantibus
817 1714 852 1781 in
861 1733 1004 1807 regnum
1016 1712 1101 1801 ibat,
1116 1712 1211 1781 Jubae

121 1840 154 1883 se
174 1816 423 1910 conjuncturus
435 1845 444 1906 3
457 1818 515 1888 sed
527 1844 632 1914 quum
655 1834 742 1889 esset
763 1821 798 1888 in
816 1822 888 1909 via,
907 1841 928 1887 a
949 1819 1097 1907 Getulis,
1127 1844 1211 1913 quo·

17 1978 18 1983 1
120 1946 194 1991 rum
220 1946 257 1993 se
276 1924 436 1994 custodiae
461 1926 605 2021 fideique
621 1926 828 2015 crediderat,
856 1926 1040 2022 cupiditate
1060 1918 1211 2022 pecuniae
1268 1971 1273 1988 ι

17 2032 18 2059 ³
119 2029 337 2119 interiectus,
360 2048 597 2127 argumentum
616 2034 722 2123 dedit,
744 2049 874 2130 quanto
893 2035 1044 2103 securior
1064 2035 1106 2103 sit
1127 2053 1210 2128 pau·

16 2174 17 2187 κ
119 2140 210 2231 peris
230 2140 301 2207 vita
322 2162 424 2233 quam
447 2141 584 2230 divitis,
606 2156 770 2236 quantum
789 2141 956 2213 solitarius
976 2142 1087 2210 viator
1107 2166 1210 2235 quam

16 2256 17 2331 j
119 2246 303 2314 comitatus
325 2268 415 2343 saepe
434 2251 592 2317 securior.
617 2252 655 2321 C.
676 2274 810 2344 quoque
831 2248 1015 2343 Vergilius,
1036 2250 1133 2343 cujus
1155 2274 1210 2317 su·

16 2432 17 2445 ,
118 2354 234 2446 perius
251 2356 458 2425 mentionem
469 2354 620 2445 lecimus,
629 2356 688 2424 ubi
702 2358 893 2452 Scipionem
906 2358 977 2425 acie
992 2358 1133 2444 netum,
1145 2357 1210 2424 Ca·

16 2539 17 2549 ,
118 2472 236 2529 torrem
254 2484 357 2530 manu
381 2465 518 2559 propria
535 2478 766 2560 peremptum,
786 2464 932 2560 reliquos
955 2464 1080 2559 ubique
1098 2462 1211 2550 fus0s3

118 2569 293 2638 Caesarem
309 2573 469 2660 Uticam,
496 2575 720 2667 Zamamque‚
743 2573 910 2665 urbesque
929 2570 1033 2659 alias,
1052 2571 1211 2640 omnibus

117 2677 243 2744 victori
267 2675 472 2766 laventibus,
483 2680 653 2774 possidere
665 2679 870 2773 3lubamque
883 2701 989 2772 regno
1001 2677 1135 2771 pulsum
1152 2676 1209 2746 de·

116 2797 332 2878 sertumque,
354 2785 502 2882 aliosque
524 2787 625 2856 duces
646 2787 812 2881 partium
827 2806 994 2878 nusquam
1026 2783 1116 2852 aliud
1137 2806 1210 2852 esse

116 2889 284 2984 praesidii,
304 2873 384 2961 nilril
405 2895 474 2988 spei
486 2894 630 2981 audivit;
650 2893 712 2962 sibi
728 2891 906 2986 liberisque
922 2891 990 2960 suis
1007 2889 1213 2978 consulens,

116 3022 198 3066 curn
214 2999 359 3069 Caninio
371 2999 572 3095 proconsule
584 3055 594 3090 ,
604 3023 624 3068 a
635 3023 702 3098 quo
718 2999 946 3086 obsidebatur,
954 2999 1059 3066 vitam
1071 2999 1210 3093 pepigit3

116 3118 222 3199 atque
242 3106 288 3175 ita
299 3110 356 3203 qui
370 3111 495 3178 Caesari
515 3109 661 3178 suaviter
674 3131 708 3178 se
724 3108 860 3176 vocanti
874 3128 920 3174 ne·
929 3129 1127 3200 responsum
1141 3107 1212 3199 qui·

115 3211 197 3280 dem
212 3211 296 3283 dare
307 3214 461 3310 dignatus
476 3215 600 3304 luerat,
611 3206 674 3308 (sic
692 3237 744 3284 res
763 3215 939 3283 hominum
950 3202 1148 3300 volvuntur)
1160 3237 1211 3280 se·

115 3319 234 3414 ipsum
245 3319 396 3420 filiosque
404 3338 439 3390 et
449 3345 509 3392 sua
520 3324 645 3411 omnia,
656 3321 1048 3418 ipsumqueTapsumcui
1056 3333 1211 3414 praeerat,

116 3423 234 3521 legato
251 3430 392 3500 Caesaris
412 3433 585 3500 concessit.
608 3432 701 3499 Dum
717 3427 878 3525 paulatim
899 3427 1047 3522 reliquiae
1063 3427 1210 3522 partium

118 3532 342 3626 dilabuntur,
361 3537 448 3606 Juba
470 3561 545 3624 rex,
565 3551 599 3606 et
617 3561 725 3632 regno
741 3550 776 3606 et
796 3559 855 3631 spe
873 3532 1022 3630 qualibet
1038 3534 1212 3628 privatus,

118 3646 256 3713 cunctis
285 3643 438 3714 exclusus
460 3645 626 3731 urbibus,
649 3643 691 3713 ab
713 3644 871 3713 omnibus
895 3640 1100 3727 derelictus,
1118 3663 1207 3732 quae·

116 3752 220 3820 rebat
241 3753 268 3821 si
293 3775 361 3846 qua
383 3765 469 3822 esset
485 3754 557 3840 via,
579 3765 617 3819 ut
638 3751 696 3846 qpi
717 3748 806 3818 male
825 3751 979 3833 vixerat,
1001 3748 1086 3816 bene
1105 3748 1208 3814 mori·

117 3865 220 3928 t'urus
233 3858 418 3948 rideretur,
431 3859 538 3928 sicubi
551 3883 629 3927 cum
644 3858 743 3927 hoste
757 3879 1016 3951 congressurus,
1026 3854 1085 3926 ubi
1095 3865 1208 3948 posset

117 3962 284 4055 interfici,
300 3966 367 4036 hoc
387 3967 533 4036 maxime
554 3979 716 4060 exoptans
734 3964 826 4059 quod
847 3987 964 4032 omnes
979 3962 1124 4032 maxime
1138 3984 1211 4030 mes

118 4085 224 4143 tuunt
242 4074 464 4170 fugiuntque3
480 4072 538 4142 sed
555 4073 615 4142 ubi
629 4072 695 4142 hoc
712 4069 941 4140 inveniretur?
956 4093 1122 4165 nusquam
1139 4066 1208 4137 bel·

121 4176 210 4272 lum,¹
230 4206 400 4280 nusquam·
416 4179 545 4280 praelia:
573 4205 639 4276 pax
662 4193 696 4248 et
714 4182 828 4250 Caesar
844 4179 955 4248 omnia
978 4173 1210 4271 possidebant3
