3000 5025
271 457 296 540 r,
483 453 630 522 sorr.
669 452 869 520 ertone.
906 452 1113 520 canvrr

225 622 229 632 ν
269 598 350 655 runt
366 608 437 655 esse
455 582 590 654 Celsum
606 581 717 670 illum,
734 584 792 677 qui
808 606 895 677 saepe
908 580 1096 651 laudatura
1112 584 1356 677 scriptoribus,

268 693 326 787 qui
348 705 610 765 antctrecentos
631 714 737 758 annos
759 691 931 777 vixerunt,
950 713 1094 782 quorum
1113 714 1214 785 supra
1228 695 1354 759 merni-

266 799 395 886 nimus,
409 799 506 891 quia,
524 811 562 866 ut
587 799 621 865 in
640 795 785 864 editione
800 810 1083 882 vetustanostra,
1105 794 1189 865 liber
1206 812 1355 868 octavus

266 903 355 974 Celsi
376 906 500 973 nomen
519 906 626 999 gerit,
644 904 690 971 sic
713 902 852 995 forsitan
870 901 1092 972 innonnullis
1112 906 1355 999 manuscriptis

264 1010 438 1087 codicibus
460 1034 576 1082 omncs
595 1009 673 1081 libri
694 1010 761 1078 hoc
782 1034 907 1078 nomen
928 1023 1154 1097 ostentarunt,
1174 1011 1269 1103 quod
1286 1013 1354 1079 viri

266 1116 356 1186 docti
372 1117 635 1187 observaverunt
652 1116 687 1183 in
706 1117 847 1186 Caesaris
862 1141 996 1210 quoque
1007 1118 1261 1186 commentariis
1277 1142 1352 1187 ma·

267 1226 460 1318 nuscriptis3
484 1239 562 1301 sunt
592 1238 704 1291 tamen
734 1222 826 1319 digni
854 1223 889 1291 hi
912 1225 1070 1317 anonymi
1093 1227 1352 1312 commentarii,

265 1332 385 1425 quiex
418 1332 487 1400 istis
512 1330 646 1399 latebris
681 1331 716 1397 in
751 1328 976 1399 celebritatem
1010 1329 1261 1423 protrahantur.
1294 1333 1353 1402 Sic

266 1438 353 1505 enim
377 1436 514 1506 satisfiet
531 1436 737 1505 eruditorum
756 1436 944 1523 desiderio,
963 1437 1020 1529 qui
1041 1434 1120 1504 olim
1139 1460 1215 1503 eum
1230 1436 1352 1506 videre

265 1544 426 1638 gestiunt,
443 1545 529 1613 inter
547 1569 631 1638 quos
653 1543 715 1612 fuit
733 1546 785 1612 vir
799 1544 982 1638 probitate,
998 1542 1172 1630 doctriua,
1193 1557 1245 1631 et,
1267 1569 1352 1613 cum

266 1646 469 1745 superesset,
488 1650 597 1721 studio
615 1650 851 1721 benemerendi
864 1650 906 1719 de
925 1648 1096 1745 preclaris
1111 1649 1254 1739 artibus,
1275 1651 1350 1719 illa·

265 1782 407 1852 rumque
425 1756 624 1846 cultoribus,
645 1760 680 1826 in
702 1759 818 1852 primis
838 1756 958 1826 nobilis
980 1758 1153 1825 Emericus
1176 1758 1350 1851 Bigotius,

266 1864 361 1957 cujus
383 1863 556 1957 epistolam
575 1879 652 1933 ante
664 1864 788 1933 multos
804 1889 910 1933 annos
921 1863 964 1932 ad
980 1861 1157 1932 Nicolaum
1172 1865 1351 1934 Heinsium

265 1970 378 2039 datam
400 1969 481 2065 legi,
499 1972 534 2038 in
556 1995 622 2065 qua
644 1970 779 2065 petebat
796 1969 948 2063 quaedam
965 1970 1026 2037 sibi
1045 1994 1086 2036 ex
1098 1969 1352 2064 hocanonymo

264 2075 427 2163 describi,
445 2077 649 2170 optabatque
676 2090 786 2145 totum
807 2091 874 2144 ‚aut
899 2075 1023 2161 solum,
1056 2089 1116 2143 aut
1143 2099 1221 2144 cum
1255 2077 1350 2147 Julie

265 2184 413 2270 Caesare,
439 2182 625 2277 siquando
653 2184 740 2278 typis
770 2184 891 2251 iteruin
914 2180 1143 2270 mandaretur,
1164 2181 1349 2276 publicari,

264 2304 304 2357 ut
323 2288 471 2384 scrupuli
492 2288 660 2359 nonnullis
682 2314 703 2357 a
723 2279 848 2381 Sabino
870 2303 904 2357 et
923 2289 1087 2363 Carrione
1105 2289 1234 2382 injecti,
1256 2292 1348 2361 inter

264 2420 349 2489 quos
371 2411 405 2465 et
426 2395 640 2489 Tanaquillus
662 2396 770 2465 Faber
791 2396 874 2482 fuit,
890 2421 931 2465 ex
952 2396 1069 2464 animis
1090 2396 1266 2464 hominum
1285 2424 1347 2493 pe

266 2504 354 2572 nitus
373 2500 603 2572 evellerentur.
624 2504 697 2574 Nec
721 2502 876 2599 equidem
898 2502 1054 2598 indiguus
1078 2519 1129 2573 est
1157 2529 1348 2599 anonymus

266 2609 322 2678 hic
342 2608 505 2698 lectione,
532 2635 620 2682 cum.
636 2609 758 2680 multas
784 2635 903 2706 graves
935 2612 1126 2679 sententias
1144 2611 1347 2707 adspergat,

266 2741 341 2810 quae
362 2716 521 2788 lectorem
543 2733 683 2812 possunt
705 2718 855 2807 erudire,
875 2733 914 2787 ut
934 2742 1003 2787 non
1025 2718 1124 2786 estin
1139 2743 1348 2814 cognoscem

266 2823 317 2892 dis
337 2826 459 2912 causis,
482 2849 543 2892 cur
564 2849 704 2920 quaeque
728 2840 821 2920 gesta
842 2827 927 2913 sint,
949 2825 1108 2911 obtusus,
1135 2849 1197 2895 nec
1221 2825 1349 2896 inutilis

267 2944 325 2998 aut
352 2929 537 3025 legentibus
565 2947 623 3000 aut
652 2931 826 3002 edentibus
854 2934 1031 3002 Caesarem.
1061 2933 1141 3002 Non
1167 2932 1231 3000 luit
1255 2934 1346 3001 enim

267 3036 440 3131 imperitus
462 3061 575 3106 rerum
593 3038 836 3127 humanarum,
858 3064 920 3108 nec
943 3065 1005 3134 pro
1027 3053 1128 3133 captu
1141 3037 1226 3106 illius
1239 3041 1346 3108 aetatis

267 3143 439 3231 indoctus,
461 3145 585 3239 quippe
613 3146 672 3240 qui
699 3147 734 3212 in
764 3147 894 3240 scriptis
921 3145 1094 3232 Tullianis,
1120 3146 1287 3239 precipue
1309 3148 1345 3213 in

268 3249 413 3345 epistolis
431 3249 475 3318 ad
491 3251 640 3321 Atticum
662 3254 798 3322 minime
811 3252 912 3322 fuerit
922 3253 1062 3347 hospes,
1080 3274 1122 3317 ex
1143 3249 1345 3343 quibusnon

268 3379 376 3450 pauca
397 3359 583 3451 excerpsit,
605 3384 679 3452 quae
701 3359 829 3432 faciunt
846 3359 889 3428 ad
903 3358 1030 3428 lulium
1046 3359 1212 3425 Caesarem
1228 3357 1344 3426 defen·

268 3461 434 3552 dandum,
456 3489 555 3558 quem
578 3465 763 3535 admiratur
791 3468 906 3552 unice,
934 3480 968 3533 et
988 3465 1031 3532 ad
1052 3461 1232 3532 refellenda
1253 3489 1344 3558 quae·

268 3594 412 3664 cumque
443 3573 476 3640 in
513 3570 569 3640 illo
599 3573 869 3648 criminabantur.
903 3570 1015 3639 Editio
1045 3569 1100 3639 illa
1134 3572 1232 3638 unica
1265 3575 1344 3639 anni

270 3699 505 3748 mccccnxxnr
521 3679 649 3749 mendis
668 3679 803 3748 infinitis
813 3679 1023 3771 inquinatur,
1041 3691 1075 3745 et
1092 3680 1260 3771 precipue
1282 3677 1344 3746 foe-

164 3807 167 3820 ¹
269 3781 402 3852 dissime
427 3783 648 3855 dedecoratur
683 3784 889 3878 compendiis
912 3783 1113 3877 syllabarum
1141 3798 1176 3852 et
1204 3809 1346 3871 vocum,

269 3913 344 3982 quae
363 3889 450 3961 illius
472 3895 630 3987 temporis
649 3889 789 3960 librariis
812 3905 847 3959 et
866 3892 982 3986 primis
1007 3891 1227 3987 typographis
1248 3906 1344 3960 erant

271 3995 452 4066 familiaria.
466 4000 590 4069 Praeter
603 3999 691 4086 haec,
706 4000 927 4092 expressimus
944 4023 1020 4070 eam
1036 4003 1069 4068 in
1084 3999 1240 4068 omnibus
1258 3997 1344 4085 fere,

268 4101 474 4200 intactosque
481 4103 672 4202 relirprimus
686 4129 835 4198 errores,
849 4109 919 4179 sive
929 4108 1129 4196 sentam,
1141 4109 1210 4176 sire
1226 4100 1344 4174 aucto·
