3000 5025
316 513 393 601 464
614 517 653 583 C.
680 515 827 582 JU‘LII
855 512 1093 583 CAESARIS

315 650 409 741 πέραν
429 657 485 714 τοῦ
495 632 602 740 ,Ῥήνου
624 649 788 739 Γερμανῶν
806 645 984 738 συμμαχίαν
1003 647 1154 714 ποιεῖσθαι
1172 641 1381 742 ἀναγκάζοιτο-

315 757 418 822 Τούτο
434 755 488 846 μὲν
509 749 560 821 οὐν
576 757 659 821 ούτω
681 744 914 844 διανοούμενος,
929 744 985 819 θύο
1001 755 1154 848 τάγματα
1166 757 1241 846 πρὸς
1258 754 1310 821 τὸν
1322 759 1379 821 Λα-

316 855 417 934 ὐιηνὸν
448 857 609 952 μετὰτῶν
636 860 753 937 παντὸς
779 867 836 925 τοῦ
858 869 977 951 ςρατού
989 861 1191 954 ’.σκευοφόρων
1213 851 1377 953 ἐπέμψατο·

238 951 243 961 x
315 969 408 1044 αὐτὸς
439 958 474 1033 θὲ
495 967 548 1032 σὺν
571 967 663 1033 πέντε
689 959 825 1043 εὐζώνοις
848 963 888 1042 εἰς
913 967 970 1038 τὴν
1000 975 1062 1033 τῶν
1090 965 1258 1034 Μεναπίων
1285 970 1378 1060 χώραν

313 1069 436 1140 ε’νέύαλε
452 1071 618 1167 τάγμασιν·
633 1070 731 1139 Οὐτοι
750 1062 786 1137 θὲ
800 1063 946 1163 οὐδεμίαν
960 1073 1036 1165 πρὸς
1049 1073 1088 1140 τὸ
1103 1073 1241 1164 ἀντέχειν
1255 1071 1378 1166 ςρατιθν

313 1180 563 1272 συναγείραντες,
584 1178 675 1271 μύνον
699 1188 739 1272 τῇ
755 1187 818 1267 ιτῆς
837 1185 920 1268 σφῶν
943 1180 1046 1271 χώρας
1069 1172 1167 1270 εὐεξίᾳ
1191 1179 1379 1272 θαρροῦντες,

311 1286 352 1364 εἴς
374 1312 408 1353 τε
425 1284 470 1352 τὰ
487 1284 588 1368 νάπη,
604 1285 655 1351 καὶ
673 1282 715 1351 τὰ
737 1287 791 1356 ἕλη
811 1284 981 1378 ἀπέφυγον,
1002 1283 1054 1350 καὶ
1075 1283 1118 1352 τὰ
1136 1295 1219 1376 σφῶν
1240 1289 1381 1379 χρήματα

309 1393 441 1459 ίνταύθα
457 1392 713 1483 συνεισεκύμισαν.

367 1501 424 1568 VI.
446 1483 475 1564 O
495 1489 530 1564 δὲ
545 1489 584 1570 θη
605 1500 726 1590 Καῖσαρ
752 1499 790 1564 τὸ
812 1502 923 1564 ἑαυτοῦ
950 1496 1112 1590 ςράτευμα
1136 1508 1228 1592 τριχῇ
1254 1499 1380 1574 ποιησά·

310 1631 414 1698 μενος,
429 1604 480 1671 καὶ
508 1601 537 1669 ἓν
562 1605 616 1696 μὲν
644 1600 729 1689 Γαΐῳ
748 1598 858 1689 Φαύίῳ
872 1606 980 1697 μέρος,
992 1601 1023 1669 ἓν
1039 1596 1075 1672 δὲ
1091 1603 1213 1697 Μάρκῳ
1229 1605 1378 1698 Κράσσῳ,

309 1709 338 1778 ἓν
367 1703 402 1780 ἀὲ
430 1711 482 1778 καὶ
502 1715 602 1798 ἑαυτῷ
632 1701 783 1794 θιαθούς,
810 1709 894 1788 εὐθύς
916 1736 952 1779 τε
976 1714 1107 1805 γεφύρας
1129 1711 1378 1805 κατασκευάσας,

308 1827 400 1912 τριχῇ
419 1812 559 1900 ε’νέύαλε,
577 1816 629 1883 καὶ
652 1814 710 1894 τάς
731 1841 766 1882 τε
784 1819 908 1908 κώμας,
924 1814 976 1884 καὶ
996 1815 1039 1883 τὰ
1059 1811 1316 1911 οἰκοδομήματα,
1339 1815 1378 1897 οἷς

308 1926 430 2015 ἐνέτυχε
441 1937 452 2008 ,
465 1923 574 1991 πάντα
584 1921 780 2006 κατακαίων,
795 1922 847 1988 καὶ
860 1924 988 2015 συχνοὺς
1007 1923 1197 2016 ἀνθρώπους,
1210 1923 1378 2016 πάμπολλά

265 2118 267 2122 Ι
308 2057 343 2098 τε
365 2033 550 2122 βοσκήματα
565 2024 752 2121 Ιλαμύοίνων,
766 2033 889 2108 τούτοις
911 2030 966 2122 μὲν
986 2031 1058 2108 τοὺς
1076 2031 1274 2114 Μεναπίους,
1288 2033 1379 2125 πρέσ-

309 2133 371 2215 ύεις
395 2135 470 2230 πρθς
492 2137 599 2203 ἑαυτὸν
618 2135 687 2228 περὶ
708 2135 825 2229 εἰρήνης
850 2137 980 2228 πέμπειν
998 2138 1179 2231 ἠνάγκασεν·
1193 2140 1324 2232 ὁμήρους
1345 2129 1377 2204 ὐὲ

305 2247 428 2329 λαβὼν,
443 2241 607 2333 πολεμίους
636 2242 747 2320 αὐτοὺς
771 2248 883 2334 νομιεῖν
903 2236 1134 2325 ἐύεύαιώσατσ,
1153 2242 1190 2318 ἢν
1210 2243 1301 2336 μόνον
1326 2245 1375 2311 τὸν

305 2340 541 2443 Ᾰμύιύρυγα,ὐ
567 2349 639 2424 τοὺς
670 2348 783 2415 ἐκείνου
806 2343 947 2442 πρέσύεις
975 2351 1005 2414 ἐν
1032 2359 1072 2441 τῇ
1103 2359 1186 2442 σφῶν
1215 2341 1374 2442 δέχωνται.

305 2460 417 2524 Αὐτῶν
438 2447 472 2522 δὲ
489 2464 583 2523 τοῦτο
603 2454 1068 2549 συνομολογοσάντων,Κύμιον
1088 2455 1141 2549 μὲν
1165 2456 1219 2524 τὸν
1242 2445 1373 2551 Ᾰτρευά·

305 2591 362 2638 την
378 2559 458 2657 μετὰ
470 2572 525 2639 τῆς
537 2564 651 2645 ἵππου,
666 2566 798 2656 φρουρᾶς
812 2562 899 2656 χώρα
918 2565 947 2629 έν
966 2571 1007 2656 τῇ
1026 2572 1087 2628 τῶν
1105 2563 1273 2630 Μεναπίων
1287 2558 1376 2631 κατέ·

301 2678 373 2737 λιπε
391 2660 651 2762 χώρᾳ·ἀύτὸς.θ’
667 2668 716 2735 ἐπὶ
735 2670 807 2745 τοὺς
825 2664 986 2762 Τρευίρους
1005 2668 1131 2762 ἀπῇρεν.

357 2778 435 2846 Vll.
455 2764 499 2841 Εν
526 2777 630 2860 τούτῳ
650 2767 680 2839 θ’
703 2773 732 2841 οἱ
751 2776 890 2866 Τρευῖροι
917 2776 1034 2848 πολλὴν
1064 2768 1189 2853 πεζικήν
1210 2775 1237 2843 θ’
1252 2777 1373 2852 ἱππικήν

304 2910 338 2951 τε
358 2875 486 2974 δύναμιν
513 2880 779 2975 συναθροίσαντες,
801 2882 830 2945 ἐν
851 2890 891 2973 τῇ
916 2891 999 2973 σφῶν
1021 2883 1109 2976 χώρᾳ
1127 2882 1193 2974 μεθ’
1212 2884 1278 2960 ἑνὸς
1303 2884 1374 2978 τοίγ·

303 3017 402 3082 ματος
415 2980 592 3080 χειμάζοντι
606 2998 651 3074 τῷ
665 2981 812 3074 Λαύιηνῷ
826 2993 866 3064 ὡς
880 2987 1091 3079 ἐπιθησόμενοι
1104 2982 1372 3083 παρεσκευάζοντο.

303 3076 373 3169 ἤδη
394 3098 425 3161 τ’
439 3097 473 3161 οὐ
491 3100 594 3161 πλεῖον
610 3084 694 3159 θυοῒν
713 3098 833 3185 ἡμερῶν
854 3084 927 3161 ύθύν
946 3094 1002 3160 ἀπ’
1021 3096 1117 3160 αὐτοῦ
1135 3096 1372 3187 ἀπεῖχον,ν’,νίκα

303 3195 358 3269 δύο
369 3201 533 3297 τάγματα,
546 3201 605 3267 ὑπὸ
620 3208 677 3267 τοῦ
690 3200 848 3291 Καίσαρος
860 3199 1054 3292 πεμφθέντα,
1064 3213 1110 3288 τῷ
1123 3196 1272 3290 Λαύιηνῷ
1287 3226 1372 3294 προσ·

301 3308 439 3405 γενέσθαι
452 3310 599 3400 ἔγνωσαν.
614 3295 686 3374 Ᾱπὸ
706 3306 761 3397 μὲν
776 3303 827 3371 οὐν
846 3317 904 3373 τοῦ
916 3299 1073 3379 Λαύιηνού
1087 3310 1197 3399 ἑκατὸν
1215 3308 1269 3375 καὶ
1282 3309 1370 3376 εἴκοσι

301 3408 429 3494 ςαθίους
448 3404 785 3507 ςρατοπεθευσάμενοι,
808 3414 863 3485 τὴν
888 3421 950 3479 τῶν
979 3414 1141 3507 Γερμανῶν
1160 3414 1282 3481 ἐνταῦθ’
1307 3415 1370 3481 ἀνα-

300 3526 397 3616 μένειν
417 3518 589 3609 ἐπικουρίαν
606 3511 751 3586 θιενύουν.
771 3503 895 3597 Ἐκεῖνος
917 3510 952 3585 δὲ
971 3522 1028 3591 τὴν
1048 3529 1110 3585 τῶν
1129 3516 1281 3615 Τρευίρων
1301 3516 1368 3588 θου-

293 3634 354 3706 λήν
373 3628 477 3723 γνοὺς,
497 3632 579 3719 ὅμως
600 3616 630 3690 δ’
644 3626 756 3705 αὐτοὺς
775 3615 829 3691 θιά
850 3629 908 3701 τήν
932 3626 1111 3719 θρασύτητα
1133 3628 1276 3719 ἑτοίμους
1295 3632 1368 3720 σφάς

299 3736 340 3814 εἰς
353 3738 416 3809 ’τὴν
438 3733 539 3826 μάχην
559 3726 696 3823 παρέξειν
724 3723 875 3816 εἊπίζων,
898 3734 989 3799 πέντε
1020 3733 1074 3823 μὲν
1102 3735 1227 3825 σπείρας
1251 3741 1368 3827 φυλακῇ

298 3852 361 3910 τῶν
374 3841 563 3933 σκευοφόρων
581 3840 755 3905 κατέλιπεν·
769 3838 862 3915 αὐτὸς
877 3829 913 3903 δὲ
926 3836 1008 3930 μετὰ
1021 3849 1149 3932 σπειρῶν
1163 3838 1258 3907 εἴκοσι
1269 3843 1366 3921 πέντε,

298 3950 350 4017 καὶ
367 3953 473 4034 πολλῷ
498 3946 613 4013 ἱππέων
635 3943 743 4018 πλήθει
770 3950 834 4021 τοῖς
861 3943 1017 4037 πολεμίοις
1046 3945 1223 4029 ἀπήντησε,
1242 3946 1294 4014 καὶ
1317 3946 1366 4012 ἀπ’

298 4060 398 4123 αὐτῶν
429 4056 512 4120 ὀκτὼ
538 4042 637 4130 ςάθια
667 4042 968 4143 ἐςρατοπεθεύσατο.
994 4052 1057 4118 Τού
1083 4043 1119 4119 δὲ
1139 4047 1297 4126 Λαύιηνοῢ
1313 4076 1363 4144 με·

296 4156 374 4239 ταξύ
385 4212 394 4245 ,
405 4160 461 4227 καὶ
479 4167 541 4225 τῶν
560 4159 712 4250 πολεμίων
732 4157 894 4249 ποταμὸς,
908 4160 966 4232 τήν
985 4183 1021 4224 τε
1040 4148 1184 4226 θιάύασιν
1203 4152 1362 4252 δυσχερὴς,
