3000 5025
259 438 568 550 INTE'RPREs
595 436 836 550 ενιπευς.
863 482 958 550 LIB.
986 482 1028 552 ν.
1098 480 1169 569 431

158 614 234 681 VII.
264 615 375 679 Ταῦτα
402 613 455 706 μὲν
484 614 544 680 ὑπὸ
573 618 695 680 πολλῶν
727 621 774 699 τῷ
801 614 935 708 Καίσαρι
960 606 1172 711 διηγγέλλετο·

103 723 212 796 ἐκεῖνος
232 709 283 801 δὲ,
299 722 349 785 ότι
374 720 528 796 τοσαύτης
546 711 607 792 ἤδη
627 722 685 792 τήν
711 727 774 786 τῶν
804 706 944 788 Εδουέων
969 723 1057 788 πόλιν
1082 716 1173 801 ήξιώ·

104 849 171 909 κει,
185 827 325 908 κωλύειν,
341 825 367 891 εἱ
386 816 531 906 δύναιτο,
551 824 602 892 καὶ
624 826 809 925 ἀποτρέπειν
828 837 884 904 τῆς
902 827 1031 921 πρόσθεν
1052 833 1174 923 γνώμης

102 932 159 998 τὸν
181 931 379 1025 Δουμνόρυγα
403 933 603 1026 ἐπεχείρησεν·
627 933 735 999 ἔπειτα
757 924 791 998 δέ
817 934 970 1000 ἱπιπλεῖον
996 937 1053 1009 την
1079 939 1174 1003 αὐτοῦ

103 1034 206 1104 ἄνοιαν
228 1039 364 1129 προιέναι
391 1043 486 1129 ὁρῶν,
509 1040 693 1130 προνοητέον
721 1041 763 1130 μὴ
787 1043 888 1126 ἑαυτῷ
909 1064 962 1122 τε,
983 1040 1096 1127 καὶτῷ
1112 1054 1173 1108 τῶν

103 1129 254 1237 Ρωμαίων
280 1134 370 1237 δήμῳ
393 1136 512 1217 ύλάύην
539 1143 609 1210 τινὰ
630 1146 779 1237 ἐπιφέρειν
801 1136 943 1218 δύνηται.
960 1129 1086 1240 Ἡμέρας
1110 1173 1175 1214 τοι·

102 1259 214 1344 γαροῦν
234 1251 264 1316 ἐν
284 1255 330 1337 τῷ
353 1251 441 1337 τόπῳ
462 1252 565 1336 τούτῳ
586 1250 680 1318 εἴκοσι
708 1252 800 1318 πέντε
830 1242 1013 1346 διατρίψας,
1036 1244 1173 1327 ἐπειδήό

103 1359 203 1452 Κύρος
224 1360 409 1450 καλούμενος
430 1351 539 1448 ἀνεμος
561 1357 615 1424 τὸν
645 1363 771 1434 πλεῒςον
793 1359 902 1452 χρόνον
921 1360 951 1424 ἐν
976 1365 1041 1437 τοῖς
1065 1361 1174 1453 χώροις

103 1465 227 1541 τούτοις
259 1470 342 1530 πνεῖν
379 1461 507 1547 εἰωθὼς,
535 1465 589 1532 τὸν
617 1468 713 1530 πλοῦν
742 1467 889 1547 ἐκώλυεν,
919 1467 949 1531 ἐν
984 1469 1088 1550 τούτῳ
1120 1468 1175 1534 τὸν

103 1571 303 1664 Δουμνόρυγα
320 1572 350 1636 ἐν
367 1577 412 1656 τῷ
428 1560 531 1636 δέοντι
551 1575 691 1660 κατεῖχε,
705 1571 758 1636 καὶ
776 1573 859 1648 ὅπως
874 1570 932 1648 τὰς
947 1576 1044 1639 αὐτοῦ
1063 1567 1175 1649 ύουλὶις

102 1676 153 1743 καὶ
172 1679 372 1769 ἐπιχειρήσεις
392 1677 467 1771 πρὸς
487 1678 608 1753 τούτοις
624 1674 736 1767 μάθοι,
752 1680 939 1769 ἐπεμελεῖτο·
954 1679 1007 1744 καὶ
1019 1679 1108 1756 τέλος
1123 1680 1176 1771 μὲν

102 1781 246 1860 εὐπλοίας
265 1784 383 1874 τύχὼν,
398 1790 462 1860 τοῖς
481 1807 514 1849 τε
531 1785 741 1876 ςρατιόταις,
762 1781 890 1861 καὶτοῖς
909 1783 1048 1852 ἱππεῦσιν
1068 1779 1178 1878 ἐμύαί-

103 1915 163 1956 νειν
185 1888 306 1980 τάχιςα
325 1887 365 1966 εἱς
389 1886 446 1967 τὰς
466 1898 538 1967 ναῦς
559 1892 773 1984 παρήγγειλεν.
794 1875 837 1955 Εν
857 1892 961 1976 τούτῳ
982 1882 1034 1974 δὲ,
1051 1892 1176 1959 πάντων

104 2003 167 2063 τῶν
182 2005 240 2062 τοῦ
254 1994 409 2089 Καίσαρος
425 1995 493 2088 περὶ
512 2005 614 2063 ταῦτα
636 1997 753 2080 όντων,
769 2001 785 2062 ό
800 1991 975 2091 Δσύμνορυξ
991 1988 1096 2076 ἀδείας
1117 2004 1178 2063 λα-

103 2097 186 2184 θὼν,
202 2098 284 2194 μετὶι
306 2112 362 2169 τοῦ
385 2109 446 2169 τῶν
474 2089 615 2200 Εδουέωγ
645 2102 786 2185 ἱππικοῦ,
800 2101 901 2196 λάθρα
924 2113 981 2170 τοῦ
1008 2103 1180 2197 Καίσαρος,

104 2203 211 2287 ἐξῆλθε
237 2217 293 2274 τοῦ
318 2199 530 2303 ςρατοπέδου,
545 2210 596 2276 καὶ
617 2209 658 2288 εἰς
679 2213 735 2280 τὴν
755 2211 844 2278 πόλιν
867 2213 1040 2304 ἐπορεύετο.
1059 2213 1179 2278 Τούτου

105 2308 141 2382 δὲ
166 2326 214 2402 τῷ
239 2312 373 2409 Καίσαρι
399 2315 643 2410 ἀπαγγελθέντος
669 2327 726 2383 τοῦ
749 2316 952 2411 πράγματος,
967 2320 1021 2384 τὸν
1048 2318 1179 2385 ἔκπλουν

105 2415 313 2503 ἀνεύαλλετο,
326 2419 377 2488 καὶ
392 2423 497 2488 πάντα
511 2421 562 2488 ἐπὶ
580 2424 684 2509 τούτῳ
703 2426 902 2507 καταλιπὼν,
924 2426 962 2492 τὸ
981 2429 1107 2502 πλεῒςον
1124 2434 1181 2492 τοῦ

106 2531 237 2598 ἱππικοῦ
257 2527 307 2597 ἐπὶ
328 2530 366 2596 τὸ
381 2530 473 2597 αὐτὸν
488 2520 674 2599 καταλαύιῒν
690 2531 742 2597 καὶ
763 2531 891 2626 ἀπάγειν
906 2528 1089 2623 ἐπέμψατο,
1105 2535 1181 2598 τού·
1220 2604 1222 2608 ,

72 2716 74 2727 Ι
106 2663 172 2715 τοις
187 2634 212 2701 εἰ
228 2629 296 2701 θίαν
316 2639 469 2719 ποιήσειε,
488 2634 538 2703 καὶ
562 2638 596 2702 οὐ
620 2635 846 2729 πειθαρχίσειεν
858 2688 867 2719 ,
881 2640 975 2705 αὐτὸν
991 2636 1181 2705 ἀποκτείνειν

105 2740 286 2824 ἐπιτείλας,
306 2744 545 2815 ἐκεῖνονέαυτοῦ
563 2742 698 2819 ἀπόντος
714 2734 802 2809 οὐδὲν
825 2744 905 2837 ὑγιὲς
928 2747 1063 2825 ποιήσειν
1084 2748 1182 2838 ἡγού-

107 2876 217 2943 μενος,
235 2852 302 2926 όςις
321 2848 373 2916 καὶ
390 2850 543 2942 παρόντος
564 2852 826 2942 κατεφρονείσατο.
847 2835 876 2916 O
895 2841 930 2915 δὲ
946 2843 1102 2943 Δούμνρυξ
1121 2852 1181 2920 ὑπὸ

106 2964 171 3023 τῶν
187 2946 363 3023 διωκόντων
378 2955 470 3022 αὐτὸν
486 2956 749 3047 ἀποκαλούμενος,
764 2958 887 3048 ἀντεῖχέ
902 2982 954 3039 τε,
969 2955 1021 3024 καὶ
1034 2959 1069 3023 ἐκ
1083 2960 1182 3052 χειρὸς

106 3064 258 3155 ἠμύνετο,
273 3064 343 3139 τούς
358 3087 394 3127 τε
406 3048 533 3140 Εδουεῖς
548 3061 613 3154 μεθ’
628 3066 739 3128 ἑαυτοῦ
753 3064 845 3141 ὄντας
860 3064 970 3142 ἱππέας
986 3063 1026 3143 εἰς
1040 3058 1181 3138 ύοιίθειαν

108 3167 296 3263 παρεκάλει,
310 3169 349 3236 τὸ
362 3170 433 3246 έπος
447 3178 543 3236 τοῦτο
562 3176 678 3259 συχνῶς
694 3164 834 3237 ἀναύσῶν
852 3169 1005 3262 ελεύθερόν
1019 3170 1046 3236 θ’
1060 3174 1182 3255 ἐαυτὸν,

109 3275 162 3343 καὶ
189 3267 222 3352 ἐξ
249 3273 402 3369 ἐλευθέρας
435 3276 553 3353 πολέως
578 3270 662 3341 εἶναι.
686 3275 728 3341 Οἱ
755 3277 855 3354 ἱππεῖς
876 3268 906 3341 δ’
921 3280 1020 3368 ὅμως,
1041 3276 1125 3344 κατὰ
1144 3282 1182 3345 τὸ

109 3383 212 3475 σφίσιν
240 3381 299 3449 ὑπὸ
328 3391 385 3449 τοῦ
407 3380 562 3474 Καίσαρος
588 3382 781 3475 προςαχθὲν,
799 3386 853 3450 τὸν
877 3378 1035 3476 ἄνθρωπον
1053 3388 1183 3477 τεριςί-

109 3513 241 3569 σαντες,
261 3487 452 3555 ἀπέκτειναν.
480 3488 522 3553 Οἱ
546 3479 581 3554 δὲ
601 3491 674 3579 μετ’
700 3493 797 3557 αὐτοῦ
822 3499 885 3555 τῶν
916 3476 1058 3557 Εδσυέων
1082 3491 1182 3568 ἱππεῖς

108 3596 288 3688 σύμπαντες
301 3595 377 3687 πρὸς
397 3595 450 3661 τὸν
468 3593 612 3687 Καίσαρα
631 3596 811 3671 ἐπανῆλθον.
1227 3658 1230 3665 ,

164 3702 261 3770 VIII.
280 3702 401 3769 Τούτου
417 3691 452 3767 δὲ
470 3702 729 3795 κατειργασμένου
756 3714 811 3771 τοῦ
829 3703 1030 3798 πράγματος,
1052 3704 1107 3772 τὸν
1130 3706 1184 3796 μὲν

112 3801 267 3880 Λαύιηνὶν
290 3810 320 3874 ἐν
341 3817 380 3901 τῇ
404 3805 521 3899 ἠπείρῳ
535 3810 587 3873 σὺν
612 3806 694 3901 τρισὶ
717 3808 857 3904 τάγμασι
880 3811 932 3877 καὶ
956 3802 1116 3902 δισχιλίοις
1133 3810 1186 3878 ἱπ·

113 3922 223 3998 πεῦσι,
241 3916 372 4007 φρουροῖς
384 3912 410 3981 θ’
427 3915 492 4006 ἅμα
506 3917 593 3981 ἕνεκα
612 3923 669 3981 τοῦ
679 3916 881 4007 λιμένος,καὶ
892 3927 948 3984 τοῦ
964 3916 1005 3983 τὰ
1023 3908 1186 3992 ἐπιτήδεια

66 4062 70 4075 ‚
116 4012 414 4115 παρασκευάζεσθαι,
425 4019 476 4087 καὶ
490 4030 547 4088 τοῦ
561 4020 638 4115 πρὸς
651 4023 773 4099 τούτοις
786 4021 829 4089 τὰ
841 4026 871 4090 ἐν
886 4032 926 4117 τῇ
942 4025 966 4088 Γ
969 4024 1082 4117 αλατίρι
1093 4052 1188 4118 πρασ·

111 4128 228 4219 σύμενα
245 4129 420 4221 γινιύσκειν,
438 4129 617 4223 καταλιπὼν
638 4133 654 4194 ὁ
674 4130 815 4220 Καῖσαρ,
831 4132 923 4207 αὐτὸς
939 4122 973 4197 δέ
998 4131 1078 4223 μετὰ
1096 4135 1186 4204 πέντε
