3000 5025
276 505 587 575 INTERPRES
615 504 974 576 GRAECUscLIB.
1003 508 1045 576 V.
1126 511 1203 602 449

123 642 236 708 ἔπειτα
255 639 301 706 άεὶ
321 639 441 734 χρόνον·
455 641 708 731 ἐπικρατεςερους
730 645 792 704 τῶν
814 623 964 731 Ῥωμαίων
986 639 1106 708 ἔσεσθαι
1124 646 1202 734 σφοῖς

121 739 310 824 ἐλπίζοντες.

180 855 256 920 XL.
287 837 317 918 ὁ
351 843 386 919 δὲ
412 853 548 944 Κικέρων
570 850 638 939 περὶ
666 853 784 919 τούτων
814 860 861 938 τῷ
895 852 1029 943 Καίσαρι
1057 853 1203 933 ἐπιςολθις

123 957 312 1050 ἐπέμψατο,
333 963 398 1036 τοῖς
425 955 522 1035 αὐτὰς
550 957 710 1050 κομίσουσι
735 960 811 1048 πρὸς
839 960 893 1026 τὸν
926 957 1071 1052 Καίσαρα
1100 958 1203 1028 πολλὰ

123 1057 214 1158 δῶρα
233 1064 400 1158 προτιθεὶς·
412 1062 497 1131 οὗτοι
515 1056 545 1130 δ’
560 1066 620 1131 ὑπὸ
639 1072 701 1131 τῶν
720 1064 890 1157 πολεμίων,
909 1062 967 1143 τὰς
988 1055 1078 1144 ὁδοὺς
1099 1065 1202 1145 πάσας

121 1156 694 1265 παρατηρούντων,συνελήφθησανζί)
712 1162 747 1238 δέ
763 1173 899 1265 Κικέρων
919 1173 1028 1238 ἑκατὸν
1044 1170 1095 1238 καὶ
1109 1171 1202 1240 εἴκοσι

122 1281 247 1371 τύρσεις
266 1278 424 1362 άπιςεύτῳ
447 1280 604 1369 ταχύτητι
621 1279 731 1354 νυκτὸς
755 1279 975 1359 κατεσκεύασε,
993 1278 1045 1345 καὶ
1064 1275 1105 1345 τὰ
1126 1280 1202 1371 πρὸς

121 1387 250 1462 τούτοις
281 1394 320 1478 τῇ
344 1393 401 1454 τοῦ
426 1387 653 1476 χαρακώματος
675 1381 822 1452 ἐλλείπειν
847 1386 994 1476 ὀχυρύσει
1025 1377 1202 1468 δοκοῦντα,

120 1493 336 1584 προσετέλεσε.
354 1495 401 1584 Τῇ
425 1479 454 1556 δέ
469 1494 593 1584 έπιούσρ
612 1491 727 1584 ἡμέρᾳ,
745 1491 774 1558 οἱ
798 1490 852 1582 μὲν
874 1492 1014 1582 πολέμιοι
1036 1493 1202 1583 παραπολθ

120 1608 181 1675 τῆς
205 1598 363 1690 πρότερον
377 1590 488 1690 μείζονι
511 1602 625 1690 ςρατιᾷ
653 1609 698 1684 τῷ
724 1600 931 1690 χαρακώματι
949 1591 1202 1690 προσύαλλουσι,

119 1703 175 1770 καὶ
187 1705 244 1777 τὴν
259 1703 375 1795 τάφρον
386 1687 621 1796 άναπληροῢσιν.
633 1702 674 1768 Οἱ
689 1697 723 1768 δὲ
732 1689 871 1794 Ρωμαῖοι
884 1706 1031 1781 ὡσαύτως
1043 1715 1083 1797 τῇ
1093 1730 1206 1798 προτε·

121 1809 196 1902 ραίαρ
211 1810 446 1902 άπαμάχονται,
455 1809 506 1876 καὶ
522 1812 618 1876 ταύτὸ
629 1817 698 1887 ταῖς
710 1816 833 1887 λοιπαῖς
844 1811 999 1887 ἐπιούσαις
1012 1811 1202 1901 πράττουσιν

118 1917 475 2010 ἡμέραις,ούθ’·ήμέρας,
486 1918 557 1984 ούτε
570 1916 680 1993 νυκτὸς
695 1927 751 1982 τοῦ
764 1916 858 1983 πύνου
872 1918 1054 2007 παυομένοι,
1064 1916 1115 1984 καὶ
1131 1919 1202 1984 οὔτε

117 2024 309 2115 κάμνουσιν,
326 2025 397 2091 οὔτε
412 2024 612 2115 τετρωμένοις
629 2023 829 2099 ἀναπαύσεως
845 2024 925 2099 τινὸς
946 2025 1043 2113 σχολὴ
1064 2014 1201 2090 δίδοται.

118 2127 172 2194 Τὰ
192 2119 229 2196 δὲ
248 2131 323 2220 πρὸς
341 2132 396 2203 τὴν
416 2137 473 2207 τῆς
492 2131 633 2206 ἐπιούσας
653 2131 768 2221 ἡμέρας
781 2135 843 2194 τῶν
857 2113 1014 2219 πολεμίων·
1027 2124 1201 2222 προσύολὴν

118 2227 307 2318 ἐπιτήδεια,
325 2236 434 2312 νυκτὸς
456 2243 626 2328 μηχανῶσι·
646 2233 698 2301 καὶ
716 2236 1004 2328 πεπυρακτωμένων
1025 2237 1201 2321 σκολόπων,

117 2343 349 2435 καὶ“τειχηρῶν
377 2347 504 2409 παλτῶν
538 2342 617 2411 πολὺ
641 2340 757 2418 πλῆθος
779 2334 1062 2436 παρασκευάζουσι,
1079 2343 1138 2421 τάς
1165 2369 1201 2410 τε
1225 2349 1228 2352 ’

117 2451 242 2543 τύρσεις
258 2451 481 2543 καταςέγυυσι,
501 2447 552 2515 καὶ
574 2451 800 2542 προμαχεώνων
822 2447 937 2527 πλῆθος
956 2449 1035 2517 πολὺ
1056 2450 1201 2543 ἐσχάραις

117 2541 562 2635 οίσυϊναῖςκατοισκευάζουσι·
578 2554 671 2631 αὐτός
694 2554 721 2619 θ’
740 2560 757 2620 ὁ
775 2556 932 2647 Κικέρων,
951 2554 1059 2646 καίπερ
1078 2564 1125 2641 τῷ
1144 2560 1202 2622 σύι

117 2688 199 2755 ματι
218 2662 365 2746 ἀσθενῶν,
384 2654 452 2729 οὐδ’
480 2663 577 2735 αὐτὴν
602 2662 658 2733 τὴν
682 2661 780 2725 νύκτα
802 2659 982 2727 ἀνεπαύετο·
1002 2647 1060 2737 ὦς’
1074 2663 1103 2727 οἱ
1120 2689 1198 2756 ςρα-

112 2778 233 2837 τιῶται
256 2770 359 2855 ἐκείνῳ
381 2768 543 2834 ἐθελούσιοι
571 2766 829 2859 προστρέχοντες,
851 2756 987 2841 δεήσεσιν
1008 2771 1119 2833 ἑαυτοῦ
1138 2768 1200 2858 ρεί·

116 2868 228 2943 δεσθαι
245 2866 426 2971 ἠνάγκαζον.

173 2984 266 3051 XLI.
282 2983 365 3050 Τότε
383 2973 418 3047 δὲ
433 2988 494 3046 τῶν
515 2973 668 3073 Νερουίων
691 2979 720 3045 οἱ
742 2976 889 3073 ἄρχοντες
902 2976 963 3063 (οἷς
977 2982 1054 3074 πρὸς
1070 2983 1126 3049 τὸν
1142 2983 1198 3049 Κι-

115 3092 237 3184 κέρωνα
253 3088 340 3180 φιλία
358 3114 406 3165 τις
428 3078 610 3171 διεληλύθει)
621 3085 769 3181 ἀγγέλους
783 3087 859 3179 πρὸς
873 3088 926 3153 τὸν
945 3089 1105 3181 Κικέρωνα
1121 3090 1198 3183 πέμ-

115 3180 252 3285 ψαντες,
269 3201 309 3273 ὡς
334 3192 527 3288 συγγίνεσθαι
550 3196 635 3278 αὐτῷ
653 3185 789 3284 χρύζοιεν
802 3242 811 3275 ,
825 3178 985 3287 ἔλεγονὺ
1009 3185 1044 3259 δὲ
1067 3194 1197 3287 ἑτοίμως
1295 3220 1299 3225 ’

66 3334 68 3351 ¹
116 3303 273 3373 ἐκέλευσεν
288 3306 380 3375 ἥκειν·
400 3292 505 3374 ἐπειδὴ
523 3290 557 3365 δέ
575 3297 738 3381 συνῆλθον,
751 3308 856 3365 ταῦτα
873 3299 950 3391 άπερ
965 3299 1016 3366 καὶ
1035 3301 1162 3391 πρόσθεν
1179 3308 1195 3368 ὁ

114 3400 280 3502 Ᾱμύίορυξ
293 3414 323 3475 ’π
343 3409 375 3485 ὸς
393 3408 446 3475 τὸν
465 3408 640 3499 Τιτούριον,
654 3412 700 3491 τῷ
716 3406 866 3502 Κικέρωνι
880 3399 999 3483 ἔλεξαν·
1018 3410 1121 3475 πᾶσαν
1140 3409 1194 3500 μὲν

113 3520 146 3585 έν
176 3516 283 3593 ὅπλοις
305 3510 379 3581 εἶναι
402 3515 458 3587 τὴν
479 3511 647 3580 Γαλατίαν·
671 3513 742 3590 ,τοὺς
768 3503 802 3579 δὲ
825 3512 997 3605 Γερμανοὺς
1023 3514 1076 3579 τὸν
1097 3499 1193 3589 Ρῆνον

115 3623 175 3691 σὺν
187 3627 288 3716 πολλῇ
307 3612 435 3712 δυνάμει
448 3611 509 3693 ἤδη
526 3610 681 3693 διαύῆναι·
700 3619 753 3685 καὶ
766 3617 808 3685 τὰ
821 3630 878 3688 τοῦ
898 3645 933 3685 τε
951 3619 1127 3712 Καίσαρος,
1142 3628 1195 3688 καὶ

115 3736 179 3797 τῶν
200 3726 302 3795 ἄλλων
322 3732 418 3795 αὐτοῦ
439 3730 664 3819 ύποςρατηγῶν
691 3717 838 3817 χειμάδια
858 3726 1094 3819 πολιορκεῖσθαι·
1117 3729 1193 3821 πρὸς

115 3838 249 3912 τούτοις
269 3826 322 3917 δὲ,
340 3834 394 3901 τὸν
423 3827 550 3899 Σαύῖνυν
579 3828 720 3897 τεθνάναι
746 3822 903 3909 ἐδίδαξαν·
931 3834 986 3900 τὸν
1010 3822 1193 3928 Ᾰμύιύρυγα

19 4022 23 4041 ³
114 3942 212 4009 αὐτὸν
245 3940 359 4019 πίςεως
391 3942 478 4007 ἔνεκα
510 3930 721 4020 δεικνύοντες,
755 3936 807 4003 καὶ
845 3936 1032 4029 σφάλλεσθαι
1064 3939 1192 4019 ἐκείνους

113 4050 282 4142 λέγοντες,
310 4046 338 4113 εί
363 4072 433 4113 τινα
469 4045 635 4137 ἀσφάλειαν
668 4042 756 4136 παρὰ
781 4052 843 4110 τῶν
880 4053 963 4135 σρῶν
998 4045 1191 4141 πραγμάτων

115 4154 316 4249 άπογνόντων
340 4146 496 4232 ελπίζοιεν.
520 4137 615 4244 Ημεῖς
642 4142 671 4217 δ’
690 4155 788 4243 ὅμως,
810 4152 941 4242 ἔρυσαν,
959 4154 1042 4219 ούτω
1059 4153 1136 4246 πρός
1158 4180 1191 4221 τε

167 4289 239 4355 III.
956 4307 1006 4378 ²9

1051 4537 1057 4572 θ
