3000 5025
283 504 354 573 DE
382 506 510 577 VITA
538 508 684 621 J'ULH
712 508 960 578 CAESARIS.
1100 512 1175 603 149

35 686 36 719 f
120 636 211 706 cincta
231 638 423 707 fluminibus
440 664 526 733 pene
544 640 807 735 inexpugnabilis
823 655 1013 737 appareret,
1035 632 1113 710 suos
1126 657 1176 710 ta·

35 742 37 765 '
119 768 181 813 men
192 746 317 813 cunetis
333 744 584 815 difficultatibus
600 761 747 817 assuetos
763 747 1072 836 exhortatus,²vall0
1084 747 1177 817 illam

119 866 201 945 atque
225 852 397 921 obsidione
418 853 617 942 circumdat,
643 854 737 949 cujus
753 852 908 924 'ambitus
935 854 1051 924 decem
1076 854 1178 924 millia

35 970 36 1047 j
117 980 257 1051 passuum
278 957 428 1046 tenebat,
454 983 520 1030 111
547 984 586 1029 ac
605 984 653 1029 xx
669 958 810 1031 castellis
828 964 862 1031 in
882 964 1024 1032 circuitu
1044 964 1179 1049 erectis,

35 1060 36 1127 ζ
116 1066 322 1159 presidiisque
339 1064 382 1133 ad
403 1066 664 1161 unumquodque
684 1068 853 1157 adhibitis,
869 1071 1077 1161 maximeque
1097 1094 1177 1138 noc-

35 1198 36 1209 ¹
116 1174 223 1241 tumis:
238 1172 520 1264 quibusnondum
535 1176 677 1268 peractis
692 1189 726 1243 et
745 1176 886 1245 obsessis
904 1174 1014 1244 adhuc
1027 1172 1179 1243 nonnihil
1291 1170 1295 1177 ’

35 1368 36 1371 ¹
117 1278 317 1366 audentibus,
339 1294 491 1373 equestre
509 1279 661 1374 praeliuni
682 1297 760 1350 ante
777 1284 896 1352 urbem
920 1282 1018 1377 plana
1038 1282 1073 1348 in
1093 1280 1179 1349 valle

35 1386 37 1399 '
116 1386 303 1473 conseritur,
319 1387 378 1455 ubi
392 1410 496 1480 quum
511 1389 650 1457 victoria
663 1390 911 1477 Romanorum,
923 1405 956 1460 et
977 1387 1080 1457 multa
1101 1388 1180 1455 hos-

115 1493 185 1560 tium
214 1490 321 1561 caedes
343 1508 446 1582 esset,
477 1508 510 1563 et
537 1494 672 1589 quidam
700 1520 741 1563 ex
772 1497 922 1566 hostibus
948 1498 1035 1564 intra
1065 1518 1181 1563 muros

115 1599 298 1695 refugiendo
318 1598 428 1670 'castra
455 1602 665 1689 desererent,
695 1604 889 1698 priusquam
919 1602 998 1696 fuga
1031 1603 1181 1669 omnium

116 1705 321 1796 nudarentur,
333 1707 442 1777 claudi
455 1724 567 1803 portas
579 1711 834 1807 Vercingetorix
838 1710 942 1802 jubet.
952 1710 1038 1777 Ante
1046 1728 1179 1801 quoque

117 1836 203 1905 quam
218 1812 345 1883 vallum
367 1830 400 1883 et
420 1818 620 1885 munitiones
639 1818 799 1885 Caesareae
822 1814 1087 1911 complerentur,
1109 1840 1180 1881 om-

116 1932 227 2015 nesque
249 1921 535 2015 praecluderentur
552 1923 595 1991 ad
617 1943 786 2019 egressum
802 1925 886 2011 viae,
904 1922 994 2017 quod
1013 1922 1047 1989 in
1066 1920 1182 1989 castris

116 2040 203 2120 atque
221 2029 256 2095 in
276 2027 360 2096 urbe
381 2053 492 2097 rerum
512 2030 661 2098 omnium
686 2032 826 2125 penuria
849 2033 965 2125 ingens
995 2042 1083 2115 erat,
1109 2052 1183 2095 ase

115 2136 290 2227 equitatum
309 2140 443 2205 omnem
458 2137 628 2229 'obsidioni
646 2152 792 2231 gravem·
803 2150 835 2206 et
859 2136 1009 2205 inutilem
1028 2134 1184 2203 abdicare

116 2238 276 2334 disposuit.
292 2242 426 2329 Quibus
443 2243 577 2311 tandem
591 2243 721 2312 silentio
739 2247 848 2312 noctis
862 2242 1075 2327 abeuntibus,
1088 2243 1185 2310 anxia

117 2360 204 2441 atque
225 2346 370 2445 sollicita
392 2374 473 2417 cura
495 2353 655 2445 imperat,
686 2366 726 2418 ut
747 2350 847 2419 urbes
873 2374 957 2419 suas
979 2349 1128 2435 adeant,
1151 2362 1188 2416 et

112 2474 170 2550 pro
190 2480 228 2525 se
249 2460 398 2554 quisque
414 2479 495 2526 suos
510 2457 682 2551 hortetur,
709 2465 749 2526 u't
769 2462 941 2526 universos
944 2454 1109 2550 ferendis
1128 2476 1185 2524 ar·

119 2567 172 2630 mo
197 2563 340 2634 Moneos
361 2569 397 2631 in
418 2564 541 2633 ‘bellum
561 2569 726 2632 mittant:
749 2584 816 2633 neu
840 2565 878 2632 sl}
904 2565 949 2633 de
970 2563 1127 2632 libertate
1153 2579 1191 2632 et

116 2669 221 2761 gloria
239 2671 439 2764 gallicana,
454 2671 564 2765 deque
579 2671 735 2740 omuibus
751 2676 802 2739 sie
820 2674 973 2739 meretum
983 2693 997 2755 ,‘
1011 2677 1099 2738 inter
1113 2685 1187 2736 ma·

119 2797 175 2842 nus
194 2778 341 2845 hostium
371 2777 515 2846 ludibrio
538 2777 759 2846 deserendum
776 2778 918 2873 putent,
954 2776 1020 2845 sed
1042 2774 1189 2844 obsessis

121 2883 515 2976 opemfirrefhstioent:
526 2909 614 2981 opus
626 2889 715 2953 enim
729 2890 804 2953 esse
815 2886 1009 2984 celeritate,
1024 2887 1189 2976 quomrum

122 2996 205 3058 omni
218 2997 444 3084 parcrnzom'u
461 2991 713 3086 quantumlibet
732 3007 879 3077 exacto,
899 2987 1016 3089 paolo
1040 2991 1190 3085 amplius

122 3119 216 3188 quom
247 3103 392 3191 trigenta
421 3097 540 3166 diebus
568 3101 712 3168 tolerari
732 3097 858 3196 posset
880 3097 1012 3166 obsideo
1032 3123 1043 3165 .·
1061 3121 1190 3192 prope·

122 3220 188 3271 rent
208 3229 310 3298 ergo,
325 3209 365 3272 oi
377 3209 519 3298 segnitie
537 3210 660 3306 impia,
682 3201 863 3300 octogenta
878 3201 986 3273 millia
1005 3205 1190 3273 electorum

122 3307 283 3379 hminum
315 3334 453 3380 suorum
474 3312 618 3408 perdito
643 3329 749 3406 atque
778 3299 931 3380 hostibus
944 3310 1091 3407 prodita
1109 3314 1197 3414 pati

118 3433 262 3509 possent.
284 3419 339 3486 Sic
357 3417 535 3487 admonitis
553 3431 586 3487 et
607 3421 733 3488 emissis
752 3416 940 3513 equitibus,
960 3419 1029 3510 ipse
1048 3441 1126 3485 cum
1145 3441 1193 3483 re

124 3519 212 3617 liquis
231 3527 321 3593 intra
343 3525 461 3592 urbem
487 3550 521 3594 se
544 3527 723 3619 recipiens,
742 3549 782 3593 ac
800 3549 902 3619 pecus
921 3523 1192 3616 frumentumque

37 3671 39 3734 ξ
125 3629 279 3700 umne'ad
305 3655 340 3700 se
361 3631 520 3720 relatum,
542 3656 642 3726 perce
667 3633 808 3702 nimium
833 3655 872 3698 ac
896 3629 1053 3723 maligne
1067 3628 1192 3724 disper·

37 3741 38 3772 ³
124 3737 218 3826 tiens,
236 3739 310 3807 veri
329 3739 472 3831 speeiem
487 3737 656 3832 prebebat
676 3737 818 3824 obsessi;
833 3763 901 3805 non
917 3732 1106 3829 eruptione,
1124 3759 1194 3802 non

37 3877 39 3942 p
126 3846 233 3932 armis,
255 3845 313 3913 sed
335 3847 565 3938 eirpectatione
580 3852 620 3916 a'c
633 3845 758 3913 nuntiis
776 3843 899 3912 bellum
918 3867 1055 3937 gerens,
1073 3840 1196 3910 auxilia

37 3949 38 3962 ¹
126 3949 264 4045 undique
296 3950 468 4046 postulans
496 3947 530 4019 et
557 3966 747 4046 expectans.
776 3955 889 4020 Caesar
917 3975 958 4017 ex
986 3947 1136 4044 profugis
1161 3963 1196 4016 et

127 4058 313 4150 captivisde
324 4071 414 4126 statu¹
425 4059 549 4128 certior
568 4058 795 4145 obsessorum,
813 4046 1020 4125 munimenta
1039 4069 1194 4125 etturres

38 4217 40 4252 ,
128 4183 161 4229 ae
180 4165 369 4252 machinas,
382 4173 533 4236 neo‘non
544 4163 703 4236 frumenti
721 4179 756 4233 et
772 4161 887 4259 pabuli
907 4162 1080 4233 uberioris
1088 4163 1193 4234 abun*
1222 4189 1226 4195 ’

942 4279 1009 4370 10³
