3000 5025
308 513 380 581 DE
407 512 535 581 VITA
561 513 580 580 J
590 513 711 581 ULII
741 512 985 581 CAESARIS.
1136 537 1185 611 97

119 642 232 731 Cesar,
250 643 369 714 litteris
387 661 487 715 nocte
506 646 688 741 perceptis,
708 646 890 714 exercitum
909 644 951 713 de
969 649 1135 717 contentis
1153 652 1189 719 in

120 750 231 819 eisdem
251 752 426 842 admonet;
432 752 529 845 jubet
542 751 683 821 fortibus
696 776 768 821 esse
783 753 917 840 animis,
931 751 1021 821 etad
1038 754 1190 848 praelium

119 854 254 949 paratis3
276 862 386 954 primo
406 883 504 928 mane
532 873 640 928 castra
658 872 787 948 movet,
803 874 840 929 ,et
863 858 906 927 ad
925 874 1069 953 quatuor
1087 860 1191 931 millia

119 986 264 1055 passuum
287 991 485 1061 progressus
508 966 641 1035 hostem
666 966 778 1053 videt,
796 988 897 1059 quem
915 981 1053 1061 repente
1071 985 1189 1064 aggre-

118 1064 249 1153 di'loco‘
262 1074 470 1169 iniquissimo
499 1071 740 1167 periculosum,
765 1086 816 1160 et,
841 1073 1004 1141 Cicerone
1032 1072 1189 1165 liberato,

118 1172 298 1247 dilationem
317 1193 425 1249 tutam
447 1194 556 1268 ratuS,
576 1178 740 1265 substitit,
766 1193 800 1247 et
824 1178 906 1248 locis
929 1179 1056 1248 idoneis
1079 1199 1190 1252 castra

118 1298 247 1353 metatus
276 1300 350 1373 est,
376 1287 508 1381 quantis
538 1272 644 1381 quivit
668 1287 845 1379 angustiis,
873 1285 908 1354 id
933 1311 1053 1381 agens,
1077 1305 1116 1358 ut
1141 1293 1190 1361 sic

117 1388 254 1460 hostibus
274 1406 507 1489 contemptum
524 1418 591 1462 suae
603 1393 780 1486 paucitatis
796 1392 965 1485 objiceret
981 1396 1089 1463 Erant
1100 1400 1188 1494 enim

117 1518 188 1565 rere·
199 1501 318 1593 pauci,
336 1501 393 1583 uix
411 1514 540 1593 septem
564 1497 685 1585 millia,
710 1498 769 1566 sed
793 1500 944 1569 virorum
963 1515 1033 1577 :et
1051 1502 1189 1596 impedi·

117 1606 222 1673 nentis
241 1604 406 1695 dimissis,
424 1605 625 1676 videbantur
638 1606 739 1673 etiam
759 1606 950 1698 pauciores,
964 1597 1082 1676 et’arte
1094 1608 1189 1679 ducis

117 1708 263 1781 ellectum
286 1726 375 1800 erat,
398 1726 436 1781 ut
454 1712 646 1807 paucissimi
669 1709 874 1780 viderentur.
897 1714 1024 1782 Tantus
1047 1713 1190 1810 denique

117 1832 319 1913 contemptus
339 1818 417 1905 brit,
435 1834 474 1888 ut
492 1844 589 1888 mane
608 1819 761 1914 proximo
780 1816 823 1885 ad
842 1832 953 1886 castra
966 1818 1080 1889 hostes
1094 1840 1189 1891 acce·

34 1964 36 1987 i
117 1920 241 1995 darent:
260 1929 374 1995 Caesar
387 1951 470 1995 vero
488 1929 672 2021 equitatum
688 1918 871 2019 parumper
886 1923 1002 2019 praelio
1017 1940 1190 2022 expertus,

34 2064 36 2089 i
118 2034 196 2122 quasi
214 2030 424 2128 trepidantes
437 2036 472 2102 in
487 2047 596 2101 castra
610 2032 815 2119 retraheret,
827 2046 860 2100 et
878 2046 994 2126 portas
1013 2031 1122 2102 claudi
1134 2090 1144 2123 ,
1156 2053 1191 2106 et

117 2140 215 2207 omnia
228 2140 378 2234 undique
393 2140 612 2227 communiri,
625 2136 731 2206 multa
743 2163 821 2206 cum
838 2137 1048 2207 simulatione
1063 2157 1190 2231 metus,

118 2242 294 2339 imperavit.
317 2250 426 2315 Tanto
456 2248 546 2315 enim
578 2260 713 2340 tamque
741 2246 867 2313 invicto
897 2260 969 2313 erat
994 2248 1124 2336 animo,
1152 2266 1191 2319 ut

119 2348 260 2421 detenta
277 2353 426 2437 hostium
443 2351 656 2424 multitudine
672 2350 718 2420 nil
730 2353 878 2439 timeret,
896 2353 960 2421 nisi
977 2377 1019 2421 ne
1031 2354 1191 2448 'praelium

118 2455 353 2530 detrectarent·
365 2462 537 2556 Denique,
556 2458 647 2553 quod
672 2463 789 2528 omnes
808 2459 971 2554 cupiunt,
993 2461 1054 2529 iste
1072 2464 1191 2533 unicus

117 2565 291 2656 metuebat,
312 2567 426 2663 fugam
445 2570 667 2637 inimicorum.
686 2566 739 2635 Illi
757 2561 840 2634 'vero
854 2566 1102 2660 conspicientes
1117 2595 1192 2663 quaa

118 2673 196 2766 apud
223 2671 397 2743 Romanos
421 2667 642 2770 gerebantur,
671 2687 704 2740 et
732 2671 945 2740 formidinem
975 2673 1144 2761 arbitrati,
1172 2700 1192 2743 e

117 2775 197 2868 loco,
218 2781 277 2849 ubi
288 2857 290 2864 ,
301 2775 536 2870 constiterant,
554 2779 671 2849 altiore
689 2776 920 2864 descendunt,
941 2791 977 2846 et
990 2782 1192 2854 transmisso

118 2886 182 2955 rivo
199 2913 266 2981 quo
291 2889 500 2958 abinvicem
526 2885 784 2983 separabantur,
809 2898 951 2977 urgente
971 2874 1191 2981 impetuani·

119 3015 258 3085 morum,
281 2996 402 3089 iniquis
421 2997 526 3065 aciem
545 2993 626 3064 locis
645 2995 836 3079 instruunt,
861 3006 895 3060 et
917 2996 1026 3060 eastra
1045 2995 1192 3090 primum

120 3098 197 3190 telis,
215 3126 296 3170 mox
315 3117 348 3170 et
368 3103 521 3172 manibus
539 3099 719 3184 invadunt3
741 3114 775 3168 et
794 3123 835 3167 eo
851 3121 956 3195 usque
978 3115 1192 3196 contemptus

121 3207 321 3296 excreverat,
344 3224 383 3277 ut
401 3233 571 3304 praecones
599 3208 726 3290 circum
757 3219 867 3274 castra
889 3204 1109 3296 dimitterent,
1135 3211 1193 3303 qui

122 3326 148 3380 et
165 3315 268 3384 Gallis
286 3329 323 3383 et
340 3317 501 3384 Romanis
520 3313 703 3402 edicerent,
720 3309 814 3407 aeque
836 3312 963 3382 licitum
981 3315 1131 3414 utrisque
1149 3315 1193 3386 ad

34 3505 36 3512 y
121 3442 164 3508 se,
185 3425 211 3492 si
229 3421 354 3511 velint,
373 3437 450 3491 ante
473 3422 593 3491 horam
616 3423 749 3490 tertiam
769 3421 839 3488 sine
858 3416 1009 3513 periculo
1027 3412 1192 3508 transire3

121 3543 187 3619 post
215 3553 291 3598 eam
322 3529 442 3598 horam
469 3515 539 3599 non
572 3527 680 3597 licere.
716 3527 833 3611 Caesar·
862 3526 932 3593 ubt
957 3525 1194 3597 animadvertit

122 3634 159 3703 sic
185 3660 255 3706 esse
279 3638 393 3705 omnia
420 3636 509 3734 apud
533 3636 667 3721 hostes,
687 3647 727 3702 ut
754 3646 949 3732 optaverat,
969 3632 1065 3726 signo
1085 3625 1195 3723 dato,

123 3741 225 3811 subito
248 3741 366 3813 castris
389 3739 587 3840 erumpens,
614 3766 673 3810 sua
704 3765 782 3810 cum
811 3736 1054 3832 contemptibili
1078 3741 1192 3838 pauci.-

122 3858 195 3936 tate,
209 3847 458 3919 multitudinem
477 3848 567 3918 illam
584 3847 782 3918 insolentem
799 3845 1017 3930 confidentia,
1033 3840 1067 3913 c't
1084 3846 1194 3917 obstu-

123 3943 260 4058 pentem,
274 3955 436 4026 miraculo
466 3957 670 4052 eruptionis,
693 3951 915 4049 aggreditur:
938 3975 1054 4021 omnes
1078 3954 1113 4020 in
1141 3953 1194 4023 fu·

125 4061 191 4150 gain
214 4066 336 4153 vertit,
353 4064 541 4158 occiditque
563 4061 826 4157 quamplurimos
860 4073 959 4152 atque
993 4063 1193 4159 exarmavit,

102 4226 107 4236 .
124 4165 346 4266 multoplures
360 4172 544 4260 occisurus,
553 4171 617 4241 nisi
624 4167 787 4264 prodigos
797 4161 1042 4265 insequentis,
1051 4165 1194 4241 humore

172 4302 257 4405 ΙΙΙ.1
476 4376 481 4384 ,
964 4300 965 4307 '
1018 4319 1045 4394 7²
