3000 5025
329 458 399 531 oa
426 456 555 531 vrrs
580 453 727 528 suun
756 454 998 531 casurus.
1130 460 1206 564 237

16 620 17 666 l
122 592 552 693 pelagojactatus,cursum
561 590 730 686 applicare
742 592 1208 693 nequvisseuadffipponem

123 706 271 799 regium,
294 714 416 770 ventus
434 724 512 769 eum
531 712 565 767 et
583 722 643 768 sna
665 722 737 769 sors
756 697 907 793 appulit,
928 700 987 769 ubi
1004 716 1086 773 tunc
1104 706 1208 800 ipsius

16 830 17 893 ξ
123 800 157 879 P.
173 810 247 879 Sitii
264 806 379 878 classis
392 820 473 875 erat.
492 806 572 877 U‘rsi
587 806 763 899 pauciores
775 828 796 873 a
807 804 959 901 pluribus
978 809 1209 902 invaduntur,

123 917 431 1011 opprimunturque
450 912 633 998 velociter;
659 911 719 981 uhi
742 936 778 981 se
801 914 915 1008 Scipio
937 916 1209 989 circumventum

16 1018 17 1073 Ὗ
123 1022 229 1111 vidit,
250 1022 372 1117 puduit
389 1021 520 1108 vivere,
538 1033 639 1113 atque
659 1032 837 1115 antequam
862 1035 1058 1117 caperetur,
1081 1023 1210 1096 serrum

123 1131 241 1198 mersit
256 1131 291 1197 in
307 1130 452 1215 viscera3
467 1123 796 1221 irrumpentibusque
809 1125 991 1215 militibus,
1007 1143 1042 1197 et
1057 1154 1210 1223 quarem

124 1237 211 1305 tibus
230 1236 372 1304 ubinam
390 1248 478 1303 esset
498 1234 700 1329 imperator,
721 1233 895 1328 respondit
912 1232 1004 1305 illam
1025 1260 1144 1307 vocem
1166 1238 1214 1309 fa·

124 1344 347 1413 mosissimam
370 1356 403 1413 et
430 1342 559 1435 magnis
580 1337 750 1408 laudatam
776 1342 873 1428 viris,
895 1364 960 1435 qua
981 1364 1121 1411 suorum
1139 1368 1210 1414 ma·

16 1446 17 1453 '
121 1450 235 1543 jorum
260 1446 400 1543 gloriam
423 1450 459 1517 in
477 1446 591 1517 Africa
614 1470 761 1538 aequasse
785 1446 880 1516 illum
904 1446 1042 1538 dicunt;
1061 1442 1122 1540 (et
1146 1476 1211 1547 ego

124 1556 320 1644 crederem,
333 1556 361 1625 si
377 1553 516 1643 vellem,
528 1568 563 1623 et
576 1566 686 1648 potest
698 1555 756 1648 qui
769 1552 842 1622 vult
854 1546 1006 1644 credere)
1022 1560 1213 1654 maperotor

124 1663 211 1733 bene
228 1661 403 1751 sehabet,
417 1662 542 1756 inquit,
560 1674 660 1754 atque
679 1661 725 1728 ita
743 1662 935 1756 incognitus
951 1664 1125 1757 expiravit
1142 1668 1210 1735 Co·

125 1772 224 1839 mites
237 1770 328 1863 ejus,
340 1772 550 1863 Torquatus,
563 1768 790 1863 Damasippus
803 1781 838 1837 et
851 1766 1030 1837 Ploetorius
1044 1771 1211 1844 interfecti

16 1880 25 1963 g
126 1892 206 1946 sunt
220 1930 231 1965 ,
245 1890 347 1972 atque
366 1875 466 1969 hujus
489 1874 568 1943 belli
589 1871 695 1947 civilis
711 1876 746 1943 in
766 1873 882 1943 Africa
903 1874 980 1943 finis
1003 1875 1075 1945 luit.

179 1985 314 2071 Caesar,
335 1980 423 2051 bello
444 1982 565 2051 Africae
588 1984 707 2070 finito,
734 1983 769 2049 in
790 1980 922 2052 Italiam
943 2006 1159 2074 reversurus,
1177 2000 1212 2056 et

125 2090 368 2185 obsequiorum
390 2113 542 2177 memor,
565 2104 599 2159 et
628 2090 780 2184 quamvis
811 2090 975 2184 scriptum
996 2088 1039 2158 de
1065 2090 1122 2161 illo
1144 2096 1213 2185 sit,
1290 2149 1298 2162 s

16 2207 17 2292 J
125 2197 220 2293 quod
251 2194 335 2265 nihil
362 2194 484 2265 soleret
508 2210 631 2289 prater
649 2196 786 2289 injurias
807 2194 974 2284 oblivisci3
1004 2220 1073 2267 non
1098 2213 1215 2271 tamea

16 2296 17 2385 J
128 2328 270 2399 prorsus
279 2306 457 2373 immemor
469 2301 736 2391 offensarum,ct
747 2304 886 2396 praemio
897 2317 932 2371 et
945 2328 1052 2398 poenae
1063 2307 1214 2377 animum

127 2408 307 2505 applicata
329 2434 453 2504 poenae,
476 2410 635 2503 inquam,
653 2409 867 2505 pecuniariae,
890 2433 970 2477 nam
989 2436 1122 2505 poenam
1138 2439 1213 2484 san·

16 2513 17 2554 ³
129 2519 242 2614 guinis
263 2516 459 2585 naturaliter
480 2516 692 2586 abhorrebat.
713 2515 958 2606 Zamensibus,
981 2518 1072 2612 quod
1097 2543 1212 2618 regem

129 2623 364 2710 excluserant,
376 2621 520 2692 liberalis
538 2623 615 2692 fuit:
636 2621 763 2692 tributa
780 2636 815 2690 et
828 2621 1004 2716 vectigalia
1021 2625 1215 2699 moderatus

16 2739 17 2820 j
130 2746 206 2818 est,
225 2753 332 2824 regno
353 2731 388 2796 in
405 2728 549 2798 formam
565 2730 746 2824 provinciae
760 2727 906 2796 redacte.
930 2728 1122 2800 Sallustium
1141 2759 1215 2829 pro·

130 2835 306 2908 consulem
326 2859 405 2906 cum
427 2837 574 2905 exercitu
596 2833 754 2930 praefecit.
768 2833 863 2902 Idem
879 2834 959 2902 fecit
980 2838 1214 2912 Uticensibus:

130 2945 258 3038 ubique
280 2943 371 3012 bona
394 2965 513 3010 eorum
531 2943 656 3010 civium
687 2964 920 3029 romanorum,
945 2944 1004 3036 qui
1030 2960 1149 3014 contra
1179 2969 1215 3018 se

132 3073 230 3120 arma
252 3049 424 3138 fecissent,
449 3047 549 3120 vendi
577 3047 664 3118 fecit.
687 3047 897 3142 Tap'sitanis,
918 3048 1119 3144 Leptitanis,
1141 3056 1215 3126 Tis-

131 3157 274 3228 dn'tanis
292 3157 464 3252 pecuniae,
490 3153 651 3224 frumenti
676 3167 778 3246 atque
801 3150 866 3221 olei
890 3153 1050 3226 mulctam
1069 3182 1216 3233 annuam

16 3321 17 3326 η
133 3264 314 3359 imposuit3
332 3262 422 3330 bona
439 3261 581 3349 civium,
603 3275 703 3356 atque
724 3261 814 3354 ipsas
835 3261 985 3330 civitates
1000 3263 1043 3331 ab
1058 3270 1151 3335 omni
1166 3268 1215 3337 di·

135 3371 289 3465 reptione
309 3383 344 3438 et
360 3369 481 3462 injuria
497 3367 604 3436 salvas
626 3391 666 3436 ac
689 3366 809 3436 liberas
830 3391 901 3436 esse
916 3368 1034 3461 jussit:
1060 3373 1217 3444 eumdem

136 3500 268 3546 morem
283 3474 410 3546 Caralis
429 3475 553 3560 tenuit,
570 3497 637 3568 quo
653 3497 694 3542 ex
707 3475 810 3542 Utica
824 3473 991 3568 digressus
1008 3477 1112 3546 tridui
1128 3485 1217 3551 navi-

137 3585 272 3678 gatione
293 3595 508 3678 pervenerat:
525 3580 602 3650 inde
615 3603 749 3675 quoque
766 3579 940 3650 discedens
954 3596 1032 3664 aute
1048 3607 1091 3654 111
1107 3586 1236 3659 kalen·-

16 3773 17 3778 ἵ
138 3689 198 3759 das
215 3688 311 3784 julii,
332 3702 432 3784 atque
447 3687 595 3758 adversis
617 3687 881 3781 tempestatibus
891 3687 1093 3784 impeditus,
1114 3717 1167 3763 vn
1182 3707 1217 3765 et

140 3819 190 3866 xx
210 3794 328 3866 diebus
347 3797 382 3866 iu
402 3795 520 3864 itinere
539 3795 770 3888 consumptis,
787 3795 930 3864 Romam
952 3797 1070 3891 attigit

192 3905 267 3972 lam
288 3901 491 3971 diuturnitas
518 3899 596 3970 belli
621 3925 764 3996 pacem,
786 3900 881 3970 labor
902 3903 1073 3996 requiem,
1098 3907 1217 3976 trium·

144 4008 246 4104 phum
266 4009 415 4080 victoria
438 4007 652 4102 flagitabant:
679 4031 748 4075 non
770 4007 881 4076 civiles
900 4008 1033 4101 quidem
1051 4012 1137 4101 istae,
1159 4008 1237 4084 sed'

143 4113 277 4216 hostiles
295 4113 376 4208 illa,
390 4113 432 4186 de
448 4113 570 4208 quibus
582 4129 680 4190 antea
694 4113 905 4196 dixeramus:
920 4117 1090 4209 quomodo
1105 4135 1217 4198 autem
