<?xml version="1.0" encoding="UTF-8"?>
<!DOCTYPE html PUBLIC "-//W3C//DTD XHTML 1.0 Transitional//EN"
    "http://www.w3.org/TR/xhtml1/DTD/xhtml1-transitional.dtd">
<html xmlns="http://www.w3.org/1999/xhtml" xml:lang="en" lang="en">
 <head>
  <title>
</title>
<meta http-equiv="Content-Type" content="text/html;charset=utf-8" />
  <meta name='ocr-system' content='tesseract 3.04.00' />
  <meta name='ocr-capabilities' content='ocr_page ocr_carea ocr_par ocr_line ocrx_word'/>
</head>
<body>
  <div class='ocr_page' id='page_1' title='image "./caiusjuliuscsar00unkngoog_0455.png"; bbox 0 0 3000 5025; ppageno 0'>
   <div class='ocr_carea' id='block_1_1' title="bbox 284 468 1057 561">
    <p class='ocr_par' dir='ltr' id='par_1_1' title="bbox 284 468 1057 561">
     <span class='ocr_line' id='line_1_1' title="bbox 284 468 1057 561; baseline -0.005 -18"><span class='ocrx_word' id='word_1_1' title='bbox 284 476 361 561; x_wconf 77' lang='grc' dir='ltr'>ηιι</span> <span class='ocrx_word' id='word_1_2' title='bbox 576 471 613 541; x_wconf 86' lang='lat' dir='ltr'>c.</span> <span class='ocrx_word' id='word_1_3' title='bbox 642 470 789 539; x_wconf 74' lang='lat' dir='ltr'>mm</span> <span class='ocrx_word' id='word_1_4' title='bbox 817 468 1057 539; x_wconf 82' lang='lat' dir='ltr'>cAEsARls</span> 
     </span>
    </p>
   </div>
   <div class='ocr_carea' id='block_1_2' title="bbox 247 589 1394 4218">
    <p class='ocr_par' dir='ltr' id='par_1_2' title="bbox 247 589 1394 2191">
     <span class='ocr_line' id='line_1_2' title="bbox 282 589 1343 702; baseline -0.001 -26"><span class='ocrx_word' id='word_1_5' title='bbox 282 600 505 699; x_wconf 80' lang='grc' dir='ltr'>περούημένοι,</span> <span class='ocrx_word' id='word_1_6' title='bbox 520 605 586 697; x_wconf 79' lang='grc' dir='ltr'>ἅμα</span> <span class='ocrx_word' id='word_1_7' title='bbox 603 629 643 694; x_wconf 76' lang='grc' dir='ltr'>τε1</span> <span class='ocrx_word' id='word_1_8' title='bbox 659 613 699 697; x_wconf 77' lang='grc' dir='ltr'>τῇ</span> <span class='ocrx_word' id='word_1_9' title='bbox 718 601 835 698; x_wconf 67' lang='grc' dir='ltr'>ταχίςᾳ</span> <span class='ocrx_word' id='word_1_10' title='bbox 853 611 916 671; x_wconf 83' lang='grc' dir='ltr'>τών</span> <span class='ocrx_word' id='word_1_11' title='bbox 930 589 1087 698; x_wconf 70' lang='grc' dir='ltr'>Ῥωμαίων,</span> <span class='ocrx_word' id='word_1_12' title='bbox 1098 595 1225 694; x_wconf 75' lang='grc' dir='ltr'>ἔφύδιρ,</span> <span class='ocrx_word' id='word_1_13' title='bbox 1238 607 1288 675; x_wconf 83' lang='grc' dir='ltr'>καὶ</span> <span class='ocrx_word' id='word_1_14' title='bbox 1305 617 1343 702; x_wconf 76' lang='grc' dir='ltr'>τῇ</span> 
     </span>
     <span class='ocr_line' id='line_1_3' title="bbox 282 708 1346 805; baseline -0.003 -22"><span class='ocrx_word' id='word_1_15' title='bbox 282 725 344 783; x_wconf 86' lang='grc' dir='ltr'>τῶν</span> <span class='ocrx_word' id='word_1_16' title='bbox 360 720 442 804; x_wconf 87' lang='grc' dir='ltr'>σρῶν</span> <span class='ocrx_word' id='word_1_17' title='bbox 458 714 573 780; x_wconf 82' lang='grc' dir='ltr'>ἱππέων</span> <span class='ocrx_word' id='word_1_18' title='bbox 587 708 721 801; x_wconf 80' lang='grc' dir='ltr'>ἀπουσίᾳ</span> <span class='ocrx_word' id='word_1_19' title='bbox 736 710 1128 805; x_wconf 80' lang='grc' dir='ltr'>ἰσχυρῶςταραττύμενοι,</span> <span class='ocrx_word' id='word_1_20' title='bbox 1141 712 1213 779; x_wconf 88' lang='grc' dir='ltr'>ούτε</span> <span class='ocrx_word' id='word_1_21' title='bbox 1228 714 1281 804; x_wconf 70' lang='grc' dir='ltr'>μὲν</span> <span class='ocrx_word' id='word_1_22' title='bbox 1293 724 1346 783; x_wconf 80' lang='grc' dir='ltr'>τοῦ</span> 
     </span>
     <span class='ocr_line' id='line_1_4' title="bbox 282 813 1348 913; baseline -0.001 -24"><span class='ocrx_word' id='word_1_23' title='bbox 282 817 496 904; x_wconf 79' lang='grc' dir='ltr'>ύουλεύεσθαι,</span> <span class='ocrx_word' id='word_1_24' title='bbox 509 820 581 887; x_wconf 89' lang='grc' dir='ltr'>ούτε</span> <span class='ocrx_word' id='word_1_25' title='bbox 601 844 635 913; x_wconf 89' lang='grc' dir='ltr'>γε</span> <span class='ocrx_word' id='word_1_26' title='bbox 654 826 710 885; x_wconf 83' lang='grc' dir='ltr'>τοῦ</span> <span class='ocrx_word' id='word_1_27' title='bbox 728 816 771 883; x_wconf 81' lang='grc' dir='ltr'>τὰ</span> <span class='ocrx_word' id='word_1_28' title='bbox 789 821 872 885; x_wconf 85' lang='grc' dir='ltr'>ὅπλα</span> <span class='ocrx_word' id='word_1_29' title='bbox 887 813 1055 911; x_wconf 77' lang='grc' dir='ltr'>λοιμύοίνειν</span> <span class='ocrx_word' id='word_1_30' title='bbox 1074 820 1188 910; x_wconf 76' lang='grc' dir='ltr'>σχολὴν</span> <span class='ocrx_word' id='word_1_31' title='bbox 1212 822 1348 910; x_wconf 84' lang='grc' dir='ltr'>ἔχοντες,</span> 
     </span>
     <span class='ocr_line' id='line_1_5' title="bbox 282 922 1350 1022; baseline -0.002 -27"><span class='ocrx_word' id='word_1_32' title='bbox 282 928 396 1022; x_wconf 74' lang='grc' dir='ltr'>μεγίςρ</span> <span class='ocrx_word' id='word_1_33' title='bbox 410 925 524 1019; x_wconf 83' lang='grc' dir='ltr'>ἀπορίᾳ</span> <span class='ocrx_word' id='word_1_34' title='bbox 541 925 733 1016; x_wconf 77' lang='grc' dir='ltr'><strong>συνείχοντο,</strong></span> <span class='ocrx_word' id='word_1_35' title='bbox 747 925 877 1018; x_wconf 85' lang='grc' dir='ltr'>πότερον</span> <span class='ocrx_word' id='word_1_36' title='bbox 895 923 913 998; x_wconf 81' lang='grc' dir='ltr'>ἢ</span> <span class='ocrx_word' id='word_1_37' title='bbox 929 928 995 1010; x_wconf 45' lang='grc' dir='ltr'>τὴν,</span> <span class='ocrx_word' id='word_1_38' title='bbox 1005 922 1135 1018; x_wconf 81' lang='grc' dir='ltr'>ςρατιάν</span> <span class='ocrx_word' id='word_1_39' title='bbox 1158 928 1192 992; x_wconf 81' lang='grc' dir='ltr'>ἐκ</span> <span class='ocrx_word' id='word_1_40' title='bbox 1205 937 1262 993; x_wconf 84' lang='grc' dir='ltr'>τοῦ</span> <span class='ocrx_word' id='word_1_41' title='bbox 1275 954 1350 1021; x_wconf 77' lang='grc' dir='ltr'>ςρα·</span> 
     </span>
     <span class='ocr_line' id='line_1_6' title="bbox 281 1025 1348 1129; baseline -0.002 -26"><span class='ocrx_word' id='word_1_42' title='bbox 281 1025 416 1103; x_wconf 84' lang='grc' dir='ltr'>τοπίδου</span> <span class='ocrx_word' id='word_1_43' title='bbox 431 1026 638 1129; x_wconf 67' lang='grc' dir='ltr'>ἐξαγαγόντας</span> <span class='ocrx_word' id='word_1_44' title='bbox 652 1030 929 1125; x_wconf 67' lang='grc' dir='ltr'>παρατάττεσθαι,</span> <span class='ocrx_word' id='word_1_45' title='bbox 943 1031 962 1106; x_wconf 76' lang='grc' dir='ltr'><strong>ἢ</strong></span> <span class='ocrx_word' id='word_1_46' title='bbox 977 1032 1111 1099; x_wconf 82' lang='grc' dir='ltr'>ἀπὸτοῦ</span> <span class='ocrx_word' id='word_1_47' title='bbox 1127 1036 1348 1126; x_wconf 76' lang='grc' dir='ltr'>χαρακώματος</span> 
     </span>
     <span class='ocr_line' id='line_1_7' title="bbox 281 1129 1348 1234; baseline -0.002 -27"><span class='ocrx_word' id='word_1_48' title='bbox 281 1139 514 1234; x_wconf 78' lang='grc' dir='ltr'>ἀπομάχεσθαι,</span> <span class='ocrx_word' id='word_1_49' title='bbox 528 1138 547 1214; x_wconf 80' lang='grc' dir='ltr'>ἢ</span> <span class='ocrx_word' id='word_1_50' title='bbox 561 1138 613 1208; x_wconf 89' lang='grc' dir='ltr'>καὶ</span> <span class='ocrx_word' id='word_1_51' title='bbox 627 1148 707 1233; x_wconf 75' lang='grc' dir='ltr'>ρυγῇ</span> <span class='ocrx_word' id='word_1_52' title='bbox 721 1140 867 1221; x_wconf 81' lang='grc' dir='ltr'>ἑαυτοὺς,</span> <span class='ocrx_word' id='word_1_53' title='bbox 880 1137 906 1205; x_wconf 84' lang='grc' dir='ltr'>εί</span> <span class='ocrx_word' id='word_1_54' title='bbox 920 1129 1084 1223; x_wconf 75' lang='grc' dir='ltr'>δύναιντο,</span> <span class='ocrx_word' id='word_1_55' title='bbox 1099 1130 1252 1206; x_wconf 84' lang='grc' dir='ltr'>διασῶσαι</span> <span class='ocrx_word' id='word_1_56' title='bbox 1262 1143 1348 1207; x_wconf 89' lang='grc' dir='ltr'>λώῖον</span> 
     </span>
     <span class='ocr_line' id='line_1_8' title="bbox 281 1240 1352 1340; baseline -0.001 -26"><span class='ocrx_word' id='word_1_57' title='bbox 281 1248 336 1322; x_wconf 83' lang='grc' dir='ltr'>εἴη·</span> <span class='ocrx_word' id='word_1_58' title='bbox 356 1247 442 1315; x_wconf 84' lang='grc' dir='ltr'>καὶὸ</span> <span class='ocrx_word' id='word_1_59' title='bbox 467 1246 521 1339; x_wconf 85' lang='grc' dir='ltr'>μὲν</span> <span class='ocrx_word' id='word_1_60' title='bbox 542 1249 642 1314; x_wconf 82' lang='grc' dir='ltr'>αὐτῶν</span> <span class='ocrx_word' id='word_1_61' title='bbox 662 1240 756 1336; x_wconf 75' lang='grc' dir='ltr'>φύύος</span> <span class='ocrx_word' id='word_1_62' title='bbox 779 1247 837 1318; x_wconf 78' lang='grc' dir='ltr'>σὺν,</span> <span class='ocrx_word' id='word_1_63' title='bbox 855 1252 962 1332; x_wconf 81' lang='grc' dir='ltr'>πολλῷ</span> <span class='ocrx_word' id='word_1_64' title='bbox 984 1248 1094 1332; x_wconf 80' lang='grc' dir='ltr'>κτύπῳ</span> <span class='ocrx_word' id='word_1_65' title='bbox 1112 1245 1218 1319; x_wconf 83' lang='grc' dir='ltr'>τεκαὶ</span> <span class='ocrx_word' id='word_1_66' title='bbox 1234 1256 1352 1340; x_wconf 71' lang='grc' dir='ltr'>ταραχῇ</span> 
     </span>
     <span class='ocr_line' id='line_1_9' title="bbox 247 1338 1353 1447; baseline -0.002 -25"><span class='ocrx_word' id='word_1_67' title='bbox 247 1360 249 1363; x_wconf 75' lang='grc'><strong>’</strong></span> <span class='ocrx_word' id='word_1_68' title='bbox 281 1348 454 1432; x_wconf 74' lang='grc' dir='ltr'>ἐξηκούετο.</span> <span class='ocrx_word' id='word_1_69' title='bbox 468 1339 511 1420; x_wconf 81' lang='grc' dir='ltr'>Εν</span> <span class='ocrx_word' id='word_1_70' title='bbox 528 1354 631 1439; x_wconf 87' lang='grc' dir='ltr'>τούτῳ</span> <span class='ocrx_word' id='word_1_71' title='bbox 646 1344 676 1418; x_wconf 86' lang='grc' dir='ltr'>δ’</span> <span class='ocrx_word' id='word_1_72' title='bbox 692 1353 721 1419; x_wconf 88' lang='grc' dir='ltr'>οἱ</span> <span class='ocrx_word' id='word_1_73' title='bbox 734 1338 872 1445; x_wconf 73' lang='grc' dir='ltr'>Ρωμαῖοι</span> <span class='ocrx_word' id='word_1_74' title='bbox 889 1362 930 1447; x_wconf 77' lang='grc' dir='ltr'>τῇ</span> <span class='ocrx_word' id='word_1_75' title='bbox 948 1363 1004 1431; x_wconf 83' lang='grc' dir='ltr'>τῆς</span> <span class='ocrx_word' id='word_1_76' title='bbox 1017 1352 1202 1447; x_wconf 79' lang='grc' dir='ltr'>προτεραίας</span> <span class='ocrx_word' id='word_1_77' title='bbox 1215 1364 1278 1419; x_wconf 89' lang='grc' dir='ltr'>τῶν</span> <span class='ocrx_word' id='word_1_78' title='bbox 1295 1379 1353 1421; x_wconf 82' lang='grc' dir='ltr'>πο·</span> 
     </span>
     <span class='ocr_line' id='line_1_10' title="bbox 276 1457 1353 1554; baseline -0.001 -26"><span class='ocrx_word' id='word_1_79' title='bbox 276 1459 390 1554; x_wconf 88' lang='grc' dir='ltr'>λεμίων</span> <span class='ocrx_word' id='word_1_80' title='bbox 412 1458 658 1553; x_wconf 69' lang='grc' dir='ltr'>παρορμηθέντες</span> <span class='ocrx_word' id='word_1_81' title='bbox 673 1458 830 1553; x_wconf 80' lang='grc' dir='ltr'>ἐπιορκίᾳ,</span> <span class='ocrx_word' id='word_1_82' title='bbox 845 1458 885 1537; x_wconf 85' lang='grc' dir='ltr'>εἰς</span> <span class='ocrx_word' id='word_1_83' title='bbox 899 1461 940 1540; x_wconf 49' lang='grc' dir='ltr'>τὸ,</span> <span class='ocrx_word' id='word_1_84' title='bbox 952 1457 1070 1526; x_wconf 82' lang='grc' dir='ltr'>ἐκείνων</span> <span class='ocrx_word' id='word_1_85' title='bbox 1084 1460 1168 1538; x_wconf 79' lang='grc' dir='ltr'>εὐθὺς</span> <span class='ocrx_word' id='word_1_86' title='bbox 1182 1460 1353 1553; x_wconf 83' lang='grc' dir='ltr'>χαράκωμα</span> 
     </span>
     <span class='ocr_line' id='line_1_11' title="bbox 281 1558 1353 1660; baseline -0.001 -27"><span class='ocrx_word' id='word_1_87' title='bbox 281 1558 496 1642; x_wconf 67' lang='grc' dir='ltr'>εἰσεπήδησαν·</span> <span class='ocrx_word' id='word_1_88' title='bbox 512 1566 563 1635; x_wconf 90' lang='grc' dir='ltr'>καὶ</span> <span class='ocrx_word' id='word_1_89' title='bbox 575 1565 706 1635; x_wconf 78' lang='grc' dir='ltr'>ἐνταῦθα</span> <span class='ocrx_word' id='word_1_90' title='bbox 724 1566 778 1659; x_wconf 82' lang='grc' dir='ltr'>μὲν</span> <span class='ocrx_word' id='word_1_91' title='bbox 792 1566 821 1633; x_wconf 88' lang='grc' dir='ltr'>οἱ</span> <span class='ocrx_word' id='word_1_92' title='bbox 838 1565 1100 1660; x_wconf 80' lang='grc' dir='ltr'>πρύτεροιαύτών</span> <span class='ocrx_word' id='word_1_93' title='bbox 1114 1571 1196 1635; x_wconf 83' lang='grc' dir='ltr'>ὅπλα</span> <span class='ocrx_word' id='word_1_94' title='bbox 1210 1560 1353 1660; x_wconf 77' lang='grc' dir='ltr'>ἁρπάζειν</span> 
     </span>
     <span class='ocr_line' id='line_1_12' title="bbox 280 1658 1356 1767; baseline -0.001 -27"><span class='ocrx_word' id='word_1_95' title='bbox 280 1664 477 1757; x_wconf 85' lang='grc' dir='ltr'>δυνηθέντες,</span> <span class='ocrx_word' id='word_1_96' title='bbox 490 1680 556 1751; x_wconf 90' lang='grc' dir='ltr'>τοῖς</span> <span class='ocrx_word' id='word_1_97' title='bbox 572 1658 725 1765; x_wconf 64' lang='grc' dir='ltr'>Ῥωμαίοις</span> <span class='ocrx_word' id='word_1_98' title='bbox 742 1671 844 1766; x_wconf 84' lang='grc' dir='ltr'>ὀλίγον</span> <span class='ocrx_word' id='word_1_99' title='bbox 859 1670 931 1740; x_wconf 78' lang='grc' dir='ltr'>τινὰ</span> <span class='ocrx_word' id='word_1_100' title='bbox 943 1674 1050 1767; x_wconf 84' lang='grc' dir='ltr'>χρόνον</span> <span class='ocrx_word' id='word_1_101' title='bbox 1067 1674 1252 1751; x_wconf 81' lang='grc' dir='ltr'>ἀντέςησαν·</span> <span class='ocrx_word' id='word_1_102' title='bbox 1269 1675 1309 1741; x_wconf 87' lang='grc' dir='ltr'>τὸ</span> <span class='ocrx_word' id='word_1_103' title='bbox 1322 1666 1356 1740; x_wconf 76' lang='grc' dir='ltr'>δὲ</span> 
     </span>
     <span class='ocr_line' id='line_1_13' title="bbox 279 1770 1357 1874; baseline 0 -28"><span class='ocrx_word' id='word_1_104' title='bbox 279 1776 356 1848; x_wconf 83' lang='grc' dir='ltr'>ἀλλο</span> <span class='ocrx_word' id='word_1_105' title='bbox 376 1788 438 1848; x_wconf 84' lang='grc' dir='ltr'>τῶν</span> <span class='ocrx_word' id='word_1_106' title='bbox 458 1807 492 1847; x_wconf 91' lang='grc' dir='ltr'>τε</span> <span class='ocrx_word' id='word_1_107' title='bbox 512 1770 632 1848; x_wconf 82' lang='grc' dir='ltr'>παίδων</span> <span class='ocrx_word' id='word_1_108' title='bbox 651 1781 717 1873; x_wconf 82' lang='grc' dir='ltr'>ἅμα</span> <span class='ocrx_word' id='word_1_109' title='bbox 733 1782 786 1847; x_wconf 91' lang='grc' dir='ltr'>καὶ</span> <span class='ocrx_word' id='word_1_110' title='bbox 803 1787 865 1847; x_wconf 86' lang='grc' dir='ltr'>τῶν</span> <span class='ocrx_word' id='word_1_111' title='bbox 885 1788 1035 1874; x_wconf 87' lang='grc' dir='ltr'>γυναικῶν</span> <span class='ocrx_word' id='word_1_112' title='bbox 1059 1771 1357 1874; x_wconf 82' lang='grc' dir='ltr'>πλῆθος(πανδημεὶ</span> 
     </span>
     <span class='ocr_line' id='line_1_14' title="bbox 301 1872 1354 1981; baseline 0.001 -27"><span class='ocrx_word' id='word_1_113' title='bbox 301 1885 338 1981; x_wconf 81' lang='grc' dir='ltr'>ἀρ</span> <span class='ocrx_word' id='word_1_114' title='bbox 358 1887 386 1955; x_wconf 91' lang='grc' dir='ltr'>οἱ</span> <span class='ocrx_word' id='word_1_115' title='bbox 400 1886 549 1981; x_wconf 86' lang='grc' dir='ltr'>Γερμανοὶ</span> <span class='ocrx_word' id='word_1_116' title='bbox 567 1897 624 1965; x_wconf 83' lang='grc' dir='ltr'>τῆς</span> <span class='ocrx_word' id='word_1_117' title='bbox 644 1894 726 1978; x_wconf 80' lang='grc' dir='ltr'>σφῶν</span> <span class='ocrx_word' id='word_1_118' title='bbox 746 1888 848 1980; x_wconf 90' lang='grc' dir='ltr'>χώρας</span> <span class='ocrx_word' id='word_1_119' title='bbox 867 1880 1100 1970; x_wconf 75' lang='grc' dir='ltr'>ἐξεληλύθεσαν,</span> <span class='ocrx_word' id='word_1_120' title='bbox 1114 1886 1166 1955; x_wconf 85' lang='grc' dir='ltr'>καὶ</span> <span class='ocrx_word' id='word_1_121' title='bbox 1186 1888 1240 1954; x_wconf 87' lang='grc' dir='ltr'>τὸν</span> <span class='ocrx_word' id='word_1_122' title='bbox 1260 1872 1354 1961; x_wconf 65' lang='grc' dir='ltr'>Ῥῆνον</span> 
     </span>
     <span class='ocr_line' id='line_1_15' title="bbox 279 1914 1394 2088; baseline 0.001 -27"><span class='ocrx_word' id='word_1_123' title='bbox 279 1914 516 2079; x_wconf 76' lang='grc' dir='ltr'>διεύεύηκεσαν)</span> <span class='ocrx_word' id='word_1_124' title='bbox 532 1992 669 2062; x_wconf 89' lang='grc' dir='ltr'>πάντοσε</span> <span class='ocrx_word' id='word_1_125' title='bbox 688 1988 780 2071; x_wconf 86' lang='grc' dir='ltr'>άλλος</span> <span class='ocrx_word' id='word_1_126' title='bbox 802 1990 882 2088; x_wconf 81' lang='grc' dir='ltr'>άλλη</span> <span class='ocrx_word' id='word_1_127' title='bbox 902 1995 1022 2088; x_wconf 79' lang='grc' dir='ltr'>ἕρυγον·</span> <span class='ocrx_word' id='word_1_128' title='bbox 1037 1993 1089 2061; x_wconf 86' lang='grc' dir='ltr'>καὶ</span> <span class='ocrx_word' id='word_1_129' title='bbox 1112 1999 1129 2061; x_wconf 89' lang='grc' dir='ltr'>ὁ</span> <span class='ocrx_word' id='word_1_130' title='bbox 1150 1994 1204 2086; x_wconf 80' lang='grc' dir='ltr'>μὲν</span> <span class='ocrx_word' id='word_1_131' title='bbox 1233 1996 1356 2088; x_wconf 83' lang='grc' dir='ltr'>Καῖσαρ</span> <span class='ocrx_word' id='word_1_132' title='bbox 1390 2024 1394 2032; x_wconf 86' lang='grc'><em>·</em></span> 
     </span>
     <span class='ocr_line' id='line_1_16' title="bbox 279 2096 856 2191; baseline -0.002 -22"><span class='ocrx_word' id='word_1_133' title='bbox 279 2105 336 2191; x_wconf 69' lang='grc' dir='ltr'>την</span> <span class='ocrx_word' id='word_1_134' title='bbox 356 2101 450 2168; x_wconf 82' lang='grc' dir='ltr'>ἵππον</span> <span class='ocrx_word' id='word_1_135' title='bbox 469 2100 519 2168; x_wconf 84' lang='grc' dir='ltr'>ἐπὶ</span> <span class='ocrx_word' id='word_1_136' title='bbox 536 2102 666 2179; x_wconf 89' lang='grc' dir='ltr'>τούτους</span> <span class='ocrx_word' id='word_1_137' title='bbox 681 2096 856 2191; x_wconf 82' lang='grc' dir='ltr'>ἐπέμψατο.</span> 
     </span>
    </p>

    <p class='ocr_par' dir='ltr' id='par_1_3' title="bbox 279 2198 1360 3792">
     <span class='ocr_line' id='line_1_17' title="bbox 333 2198 1356 2299; baseline 0 -24"><span class='ocrx_word' id='word_1_138' title='bbox 333 2208 409 2275; x_wconf 85' lang='lat' dir='ltr'>XV.</span> <span class='ocrx_word' id='word_1_139' title='bbox 435 2207 517 2274; x_wconf 83' lang='grc' dir='ltr'>Τότε</span> <span class='ocrx_word' id='word_1_140' title='bbox 543 2198 579 2272; x_wconf 73' lang='grc' dir='ltr'>δὲ</span> <span class='ocrx_word' id='word_1_141' title='bbox 603 2206 632 2273; x_wconf 88' lang='grc' dir='ltr'>οἱ</span> <span class='ocrx_word' id='word_1_142' title='bbox 661 2206 811 2299; x_wconf 88' lang='grc' dir='ltr'>Γερμανοὶ</span> <span class='ocrx_word' id='word_1_143' title='bbox 830 2208 942 2275; x_wconf 79' lang='grc' dir='ltr'>ὀὐκέτι</span> <span class='ocrx_word' id='word_1_144' title='bbox 968 2211 1149 2299; x_wconf 78' lang='grc' dir='ltr'>ὑπέμειναν,</span> <span class='ocrx_word' id='word_1_145' title='bbox 1172 2207 1254 2275; x_wconf 79' lang='grc' dir='ltr'>ἀλλὰ</span> <span class='ocrx_word' id='word_1_146' title='bbox 1274 2206 1356 2275; x_wconf 74' lang='grc' dir='ltr'>κατὰ</span> 
     </span>
     <span class='ocr_line' id='line_1_18' title="bbox 279 2306 1356 2408; baseline -0.001 -26"><span class='ocrx_word' id='word_1_147' title='bbox 279 2317 378 2382; x_wconf 84' lang='grc' dir='ltr'>νώτου</span> <span class='ocrx_word' id='word_1_148' title='bbox 398 2322 455 2391; x_wconf 81' lang='grc' dir='ltr'>τῆς</span> <span class='ocrx_word' id='word_1_149' title='bbox 478 2322 610 2408; x_wconf 72' lang='grc' dir='ltr'>κραυγῆς</span> <span class='ocrx_word' id='word_1_150' title='bbox 629 2306 843 2398; x_wconf 79' lang='grc' dir='ltr'>ἐξακούοντες,</span> <span class='ocrx_word' id='word_1_151' title='bbox 859 2316 932 2392; x_wconf 91' lang='grc' dir='ltr'>τούς</span> <span class='ocrx_word' id='word_1_152' title='bbox 948 2339 983 2380; x_wconf 92' lang='grc' dir='ltr'>τε</span> <span class='ocrx_word' id='word_1_153' title='bbox 1000 2322 1084 2405; x_wconf 85' lang='grc' dir='ltr'>σρῶν</span> <span class='ocrx_word' id='word_1_154' title='bbox 1099 2313 1251 2382; x_wconf 81' lang='grc' dir='ltr'>πάντοθεν</span> <span class='ocrx_word' id='word_1_155' title='bbox 1268 2315 1356 2381; x_wconf 77' lang='grc' dir='ltr'>εἶναι·</span> 
     </span>
     <span class='ocr_line' id='line_1_19' title="bbox 280 2413 1357 2517; baseline -0.001 -29"><span class='ocrx_word' id='word_1_156' title='bbox 280 2419 392 2517; x_wconf 82' lang='grc' dir='ltr'>μεῖσθαι</span> <span class='ocrx_word' id='word_1_157' title='bbox 407 2424 554 2513; x_wconf 85' lang='grc' dir='ltr'>ὁρῶντες,</span> <span class='ocrx_word' id='word_1_158' title='bbox 564 2418 648 2497; x_wconf 84' lang='grc' dir='ltr'>εὐθὺς</span> <span class='ocrx_word' id='word_1_159' title='bbox 662 2420 715 2514; x_wconf 86' lang='grc' dir='ltr'>μὲν</span> <span class='ocrx_word' id='word_1_160' title='bbox 730 2416 773 2487; x_wconf 77' lang='grc' dir='ltr'>τὰ</span> <span class='ocrx_word' id='word_1_161' title='bbox 786 2423 868 2504; x_wconf 86' lang='grc' dir='ltr'>ὅπλα</span> <span class='ocrx_word' id='word_1_162' title='bbox 884 2420 1136 2515; x_wconf 78' lang='grc' dir='ltr'>ἀπορρίπτουσιν·</span> <span class='ocrx_word' id='word_1_163' title='bbox 1154 2420 1240 2499; x_wconf 82' lang='grc' dir='ltr'>εὐθὺς</span> <span class='ocrx_word' id='word_1_164' title='bbox 1254 2413 1293 2488; x_wconf 76' lang='grc' dir='ltr'>δὲ</span> <span class='ocrx_word' id='word_1_165' title='bbox 1307 2423 1357 2489; x_wconf 89' lang='grc' dir='ltr'>καὶ</span> 
     </span>
     <span class='ocr_line' id='line_1_20' title="bbox 279 2524 1357 2622; baseline 0 -26"><span class='ocrx_word' id='word_1_166' title='bbox 279 2526 322 2596; x_wconf 80' lang='grc' dir='ltr'>τὰ</span> <span class='ocrx_word' id='word_1_167' title='bbox 341 2524 535 2621; x_wconf 80' lang='grc' dir='ltr'>ςρατιωτικδι</span> <span class='ocrx_word' id='word_1_168' title='bbox 553 2525 758 2605; x_wconf 77' lang='grc' dir='ltr'>ἀπολιπόντες</span> <span class='ocrx_word' id='word_1_169' title='bbox 783 2536 912 2621; x_wconf 86' lang='grc' dir='ltr'>σημεῖα,</span> <span class='ocrx_word' id='word_1_170' title='bbox 938 2525 1021 2603; x_wconf 81' lang='grc' dir='ltr'>κατὰ</span> <span class='ocrx_word' id='word_1_171' title='bbox 1044 2537 1101 2596; x_wconf 79' lang='grc' dir='ltr'>τοῦ</span> <span class='ocrx_word' id='word_1_172' title='bbox 1127 2531 1357 2622; x_wconf 81' lang='grc' dir='ltr'>χαρακώματος</span> 
     </span>
     <span class='ocr_line' id='line_1_21' title="bbox 280 2619 1360 2730; baseline 0 -28"><span class='ocrx_word' id='word_1_173' title='bbox 280 2635 439 2704; x_wconf 85' lang='grc' dir='ltr'>ἁλλονται·</span> <span class='ocrx_word' id='word_1_174' title='bbox 453 2633 505 2702; x_wconf 87' lang='grc' dir='ltr'>καὶ</span> <span class='ocrx_word' id='word_1_175' title='bbox 519 2634 589 2701; x_wconf 83' lang='grc' dir='ltr'>ἔνθα</span> <span class='ocrx_word' id='word_1_176' title='bbox 602 2634 810 2729; x_wconf 83' lang='grc' dir='ltr'>συμμίγνυται</span> <span class='ocrx_word' id='word_1_177' title='bbox 824 2641 840 2702; x_wconf 82' lang='grc' dir='ltr'>ὁ</span> <span class='ocrx_word' id='word_1_178' title='bbox 854 2635 964 2712; x_wconf 85' lang='grc' dir='ltr'>Μύσης</span> <span class='ocrx_word' id='word_1_179' title='bbox 980 2643 1027 2723; x_wconf 82' lang='grc' dir='ltr'>τῷ</span> <span class='ocrx_word' id='word_1_180' title='bbox 1040 2619 1147 2720; x_wconf 73' lang='grc' dir='ltr'>Ρηνῳ,</span> <span class='ocrx_word' id='word_1_181' title='bbox 1164 2647 1246 2730; x_wconf 77' lang='grc' dir='ltr'>φυγῇ</span> <span class='ocrx_word' id='word_1_182' title='bbox 1260 2661 1360 2728; x_wconf 89' lang='grc' dir='ltr'>παρα-</span> 
     </span>
     <span class='ocr_line' id='line_1_22' title="bbox 279 2735 1356 2836; baseline -0.001 -27"><span class='ocrx_word' id='word_1_183' title='bbox 279 2742 452 2836; x_wconf 80' lang='grc' dir='ltr'>γενόμενοι,</span> <span class='ocrx_word' id='word_1_184' title='bbox 473 2750 528 2820; x_wconf 78' lang='grc' dir='ltr'>τῆς</span> <span class='ocrx_word' id='word_1_185' title='bbox 545 2748 656 2819; x_wconf 80' lang='grc' dir='ltr'>λοιπῆς</span> <span class='ocrx_word' id='word_1_186' title='bbox 682 2752 779 2836; x_wconf 75' lang='grc' dir='ltr'>φυγῆς</span> <span class='ocrx_word' id='word_1_187' title='bbox 798 2740 1035 2825; x_wconf 85' lang='grc' dir='ltr'>ἀνελπίσαντες,</span> <span class='ocrx_word' id='word_1_188' title='bbox 1056 2735 1186 2809; x_wconf 80' lang='grc' dir='ltr'>ίύαλλον</span> <span class='ocrx_word' id='word_1_189' title='bbox 1210 2746 1291 2832; x_wconf 85' lang='grc' dir='ltr'>σριῖς</span> <span class='ocrx_word' id='word_1_190' title='bbox 1316 2741 1356 2820; x_wconf 81' lang='grc' dir='ltr'>εἰς</span> 
     </span>
     <span class='ocr_line' id='line_1_23' title="bbox 281 2841 1358 2941; baseline 0 -27"><span class='ocrx_word' id='word_1_191' title='bbox 281 2850 335 2916; x_wconf 84' lang='grc' dir='ltr'>τὸν</span> <span class='ocrx_word' id='word_1_192' title='bbox 354 2848 519 2940; x_wconf 88' lang='grc' dir='ltr'>ποταμὸν,</span> <span class='ocrx_word' id='word_1_193' title='bbox 539 2847 670 2914; x_wconf 82' lang='grc' dir='ltr'>ἐνταῦθά</span> <span class='ocrx_word' id='word_1_194' title='bbox 694 2873 728 2914; x_wconf 86' lang='grc' dir='ltr'>τε</span> <span class='ocrx_word' id='word_1_195' title='bbox 751 2841 839 2938; x_wconf 76' lang='grc' dir='ltr'>ρύύῳ</span> <span class='ocrx_word' id='word_1_196' title='bbox 861 2874 897 2914; x_wconf 86' lang='grc' dir='ltr'>τε</span> <span class='ocrx_word' id='word_1_197' title='bbox 921 2847 973 2923; x_wconf 87' lang='grc' dir='ltr'>καὶ</span> <span class='ocrx_word' id='word_1_198' title='bbox 998 2848 1146 2940; x_wconf 85' lang='grc' dir='ltr'>καμάτῳ,</span> <span class='ocrx_word' id='word_1_199' title='bbox 1165 2848 1217 2915; x_wconf 85' lang='grc' dir='ltr'>καὶ</span> <span class='ocrx_word' id='word_1_200' title='bbox 1238 2858 1280 2941; x_wconf 79' lang='grc' dir='ltr'>τῇ</span> <span class='ocrx_word' id='word_1_201' title='bbox 1301 2857 1358 2916; x_wconf 82' lang='grc' dir='ltr'>τοῦ</span> 
     </span>
     <span class='ocr_line' id='line_1_24' title="bbox 280 2941 1358 3048; baseline -0.003 -25"><span class='ocrx_word' id='word_1_202' title='bbox 280 2964 425 3046; x_wconf 80' lang='grc' dir='ltr'>ποταμοῦ</span> <span class='ocrx_word' id='word_1_203' title='bbox 434 2955 738 3048; x_wconf 78' lang='grc' dir='ltr'>τεταλαιπωρημένοι</span> <span class='ocrx_word' id='word_1_204' title='bbox 754 2957 848 3048; x_wconf 74' lang='grc' dir='ltr'>ῥύμῃ,</span> <span class='ocrx_word' id='word_1_205' title='bbox 858 2952 1112 3027; x_wconf 69' lang='grc' dir='ltr'>ἀποθνήσκουσιν.</span> <span class='ocrx_word' id='word_1_206' title='bbox 1124 2953 1166 3021; x_wconf 86' lang='grc' dir='ltr'>Οἱ</span> <span class='ocrx_word' id='word_1_207' title='bbox 1174 2946 1209 3020; x_wconf 85' lang='grc' dir='ltr'>δὲ</span> <span class='ocrx_word' id='word_1_208' title='bbox 1218 2941 1358 3047; x_wconf 70' lang='grc' dir='ltr'>Ρωμαῖοι</span> 
     </span>
     <span class='ocr_line' id='line_1_25' title="bbox 280 3055 1359 3155; baseline 0 -27"><span class='ocrx_word' id='word_1_209' title='bbox 280 3061 395 3138; x_wconf 89' lang='grc' dir='ltr'>πάντες</span> <span class='ocrx_word' id='word_1_210' title='bbox 413 3067 508 3142; x_wconf 87' lang='grc' dir='ltr'>σῶοι,</span> <span class='ocrx_word' id='word_1_211' title='bbox 526 3059 635 3154; x_wconf 81' lang='grc' dir='ltr'>ὀλίγων</span> <span class='ocrx_word' id='word_1_212' title='bbox 658 3061 766 3143; x_wconf 84' lang='grc' dir='ltr'>ἐκτὸς,</span> <span class='ocrx_word' id='word_1_213' title='bbox 786 3061 849 3128; x_wconf 86' lang='grc' dir='ltr'>ἀπὸ</span> <span class='ocrx_word' id='word_1_214' title='bbox 868 3064 950 3128; x_wconf 86' lang='grc' dir='ltr'>οὕτω</span> <span class='ocrx_word' id='word_1_215' title='bbox 969 3055 1100 3155; x_wconf 78' lang='grc' dir='ltr'>ρούεροῢ</span> <span class='ocrx_word' id='word_1_216' title='bbox 1117 3063 1254 3151; x_wconf 78' lang='grc' dir='ltr'>πολέμου</span> <span class='ocrx_word' id='word_1_217' title='bbox 1264 3113 1283 3145; x_wconf 82' lang='grc'>,,</span> <span class='ocrx_word' id='word_1_218' title='bbox 1294 3072 1359 3128; x_wconf 81' lang='grc' dir='ltr'>τῶν</span> 
     </span>
     <span class='ocr_line' id='line_1_26' title="bbox 280 3159 1359 3263; baseline 0.001 -29"><span class='ocrx_word' id='word_1_219' title='bbox 280 3165 434 3259; x_wconf 89' lang='grc' dir='ltr'>πολεμίων</span> <span class='ocrx_word' id='word_1_220' title='bbox 458 3165 498 3243; x_wconf 87' lang='grc' dir='ltr'>εἰς</span> <span class='ocrx_word' id='word_1_221' title='bbox 518 3163 753 3258; x_wconf 88' lang='grc' dir='ltr'>τετταράκοντα</span> <span class='ocrx_word' id='word_1_222' title='bbox 770 3175 851 3260; x_wconf 84' lang='grc' dir='ltr'>τρεῖς</span> <span class='ocrx_word' id='word_1_223' title='bbox 873 3168 927 3235; x_wconf 88' lang='grc' dir='ltr'>τὸν</span> <span class='ocrx_word' id='word_1_224' title='bbox 950 3166 1075 3260; x_wconf 85' lang='grc' dir='ltr'>ἀριθμὸν</span> <span class='ocrx_word' id='word_1_225' title='bbox 1096 3159 1247 3259; x_wconf 87' lang='grc' dir='ltr'>μυριάδας</span> <span class='ocrx_word' id='word_1_226' title='bbox 1269 3193 1359 3263; x_wconf 85' lang='grc' dir='ltr'>γεγε-</span> 
     </span>
     <span class='ocr_line' id='line_1_27' title="bbox 280 3270 1360 3367; baseline 0.001 -27"><span class='ocrx_word' id='word_1_227' title='bbox 280 3274 431 3366; x_wconf 81' lang='grc' dir='ltr'>νημένων,</span> <span class='ocrx_word' id='word_1_228' title='bbox 444 3270 493 3339; x_wconf 83' lang='grc' dir='ltr'>ἐπὶ</span> <span class='ocrx_word' id='word_1_229' title='bbox 511 3273 549 3340; x_wconf 86' lang='grc' dir='ltr'>τὸ</span> <span class='ocrx_word' id='word_1_230' title='bbox 567 3282 649 3363; x_wconf 76' lang='grc' dir='ltr'>σφῶν</span> <span class='ocrx_word' id='word_1_231' title='bbox 671 3273 845 3367; x_wconf 89' lang='grc' dir='ltr'>χαράκωμα</span> <span class='ocrx_word' id='word_1_232' title='bbox 858 3273 1037 3348; x_wconf 74' lang='grc' dir='ltr'>ἐπανῆλθον·</span> <span class='ocrx_word' id='word_1_233' title='bbox 1053 3272 1104 3339; x_wconf 90' lang='grc' dir='ltr'>καὶ</span> <span class='ocrx_word' id='word_1_234' title='bbox 1118 3273 1251 3341; x_wconf 81' lang='grc' dir='ltr'>ἐνταῦθα</span> <span class='ocrx_word' id='word_1_235' title='bbox 1270 3276 1325 3365; x_wconf 84' lang='grc' dir='ltr'>μὲν</span> <span class='ocrx_word' id='word_1_236' title='bbox 1341 3280 1360 3341; x_wconf 83' lang='grc' dir='ltr'>ὁ</span> 
     </span>
     <span class='ocr_line' id='line_1_28' title="bbox 282 3379 1359 3473; baseline -0.001 -26"><span class='ocrx_word' id='word_1_237' title='bbox 282 3383 403 3472; x_wconf 87' lang='grc' dir='ltr'>Καῖσαρ</span> <span class='ocrx_word' id='word_1_238' title='bbox 423 3386 487 3456; x_wconf 85' lang='grc' dir='ltr'>τοῖς</span> <span class='ocrx_word' id='word_1_239' title='bbox 504 3381 577 3472; x_wconf 83' lang='grc' dir='ltr'>παρ’</span> <span class='ocrx_word' id='word_1_240' title='bbox 592 3379 693 3464; x_wconf 79' lang='grc' dir='ltr'>ἑαυτῷ</span> <span class='ocrx_word' id='word_1_241' title='bbox 708 3381 872 3472; x_wconf 86' lang='grc' dir='ltr'>Γερμανοῖς</span> <span class='ocrx_word' id='word_1_242' title='bbox 890 3380 1011 3447; x_wconf 85' lang='grc' dir='ltr'>ἀπιέναι</span> <span class='ocrx_word' id='word_1_243' title='bbox 1027 3381 1243 3473; x_wconf 87' lang='grc' dir='ltr'>συνεχώρησεν.</span> <span class='ocrx_word' id='word_1_244' title='bbox 1258 3385 1359 3448; x_wconf 80' lang='grc' dir='ltr'>Αὐτοὶ</span> 
     </span>
     <span class='ocr_line' id='line_1_29' title="bbox 283 3476 1360 3580; baseline 0 -24"><span class='ocrx_word' id='word_1_245' title='bbox 283 3479 318 3556; x_wconf 85' lang='grc' dir='ltr'>δὲ</span> <span class='ocrx_word' id='word_1_246' title='bbox 333 3487 390 3561; x_wconf 76' lang='grc' dir='ltr'>τὴν</span> <span class='ocrx_word' id='word_1_247' title='bbox 405 3481 464 3555; x_wconf 76' lang='grc' dir='ltr'>ὑπδ</span> <span class='ocrx_word' id='word_1_248' title='bbox 479 3496 541 3552; x_wconf 84' lang='grc' dir='ltr'>τῶν</span> <span class='ocrx_word' id='word_1_249' title='bbox 558 3484 700 3568; x_wconf 87' lang='grc' dir='ltr'>Γάλλων,</span> <span class='ocrx_word' id='word_1_250' title='bbox 715 3485 755 3552; x_wconf 83' lang='grc' dir='ltr'>ὧν</span> <span class='ocrx_word' id='word_1_251' title='bbox 774 3485 902 3578; x_wconf 83' lang='grc' dir='ltr'>πρόσθεν</span> <span class='ocrx_word' id='word_1_252' title='bbox 921 3488 993 3563; x_wconf 78' lang='grc' dir='ltr'>τοὺς</span> <span class='ocrx_word' id='word_1_253' title='bbox 1012 3487 1122 3579; x_wconf 85' lang='grc' dir='ltr'>ἀγροὺς</span> <span class='ocrx_word' id='word_1_254' title='bbox 1142 3476 1360 3580; x_wconf 76' lang='grc' dir='ltr'>δεδγώκεσαν,</span> 
     </span>
     <span class='ocr_line' id='line_1_30' title="bbox 283 3583 1359 3685; baseline -0.002 -23"><span class='ocrx_word' id='word_1_255' title='bbox 283 3583 421 3671; x_wconf 80' lang='grc' dir='ltr'>δεδιότες</span> <span class='ocrx_word' id='word_1_256' title='bbox 444 3590 614 3685; x_wconf 89' lang='grc' dir='ltr'>τιμωρίαν,</span> <span class='ocrx_word' id='word_1_257' title='bbox 636 3591 730 3658; x_wconf 83' lang='grc' dir='ltr'>θελειν</span> <span class='ocrx_word' id='word_1_258' title='bbox 756 3595 836 3682; x_wconf 81' lang='grc' dir='ltr'>σφοῖς</span> <span class='ocrx_word' id='word_1_259' title='bbox 859 3594 932 3685; x_wconf 81' lang='grc' dir='ltr'>παρ’</span> <span class='ocrx_word' id='word_1_260' title='bbox 952 3596 1061 3674; x_wconf 85' lang='grc' dir='ltr'>ἐκεῖνον</span> <span class='ocrx_word' id='word_1_261' title='bbox 1090 3593 1208 3682; x_wconf 66' lang='grc' dir='ltr'>μένειν,</span> <span class='ocrx_word' id='word_1_262' title='bbox 1227 3595 1359 3685; x_wconf 82' lang='grc' dir='ltr'>ἔφασαν.</span> 
     </span>
     <span class='ocr_line' id='line_1_31' title="bbox 280 3688 913 3792; baseline 0.002 -26"><span class='ocrx_word' id='word_1_263' title='bbox 280 3700 411 3777; x_wconf 90' lang='grc' dir='ltr'>Τούτοις</span> <span class='ocrx_word' id='word_1_264' title='bbox 426 3696 592 3792; x_wconf 81' lang='grc' dir='ltr'>ἐλευθερίαν</span> <span class='ocrx_word' id='word_1_265' title='bbox 612 3688 723 3765; x_wconf 82' lang='grc' dir='ltr'>ἔδωκεν</span> <span class='ocrx_word' id='word_1_266' title='bbox 743 3704 760 3765; x_wconf 85' lang='grc' dir='ltr'>ὁ</span> <span class='ocrx_word' id='word_1_267' title='bbox 780 3701 913 3791; x_wconf 85' lang='grc' dir='ltr'>Καῖσαρ.</span> 
     </span>
    </p>

    <p class='ocr_par' dir='ltr' id='par_1_4' title="bbox 282 3797 1362 4218">
     <span class='ocr_line' id='line_1_32' title="bbox 335 3797 1360 3900; baseline 0 -26"><span class='ocrx_word' id='word_1_268' title='bbox 335 3807 430 3875; x_wconf 89' lang='lat' dir='ltr'><strong>XVI.</strong></span> <span class='ocrx_word' id='word_1_269' title='bbox 450 3808 505 3892; x_wconf 77' lang='grc' dir='ltr'>Τῷ</span> <span class='ocrx_word' id='word_1_270' title='bbox 524 3797 559 3872; x_wconf 83' lang='grc' dir='ltr'>δὲ</span> <span class='ocrx_word' id='word_1_271' title='bbox 583 3805 761 3898; x_wconf 80' lang='grc' dir='ltr'>Γερμανικῷ</span> <span class='ocrx_word' id='word_1_272' title='bbox 780 3807 884 3893; x_wconf 83' lang='grc' dir='ltr'>τούτῳ</span> <span class='ocrx_word' id='word_1_273' title='bbox 904 3805 1012 3883; x_wconf 84' lang='grc' dir='ltr'>ἐπιθεὶς</span> <span class='ocrx_word' id='word_1_274' title='bbox 1032 3808 1122 3884; x_wconf 84' lang='grc' dir='ltr'>τελος</span> <span class='ocrx_word' id='word_1_275' title='bbox 1140 3809 1288 3900; x_wconf 84' lang='grc' dir='ltr'>πολέμῳ,</span> <span class='ocrx_word' id='word_1_276' title='bbox 1303 3798 1360 3874; x_wconf 77' lang='grc' dir='ltr'>διὰ</span> 
     </span>
     <span class='ocr_line' id='line_1_33' title="bbox 282 3897 1359 3996; baseline -0.001 -14"><span class='ocrx_word' id='word_1_277' title='bbox 282 3908 400 3990; x_wconf 79' lang='grc' dir='ltr'>πολλὰς</span> <span class='ocrx_word' id='word_1_278' title='bbox 419 3912 472 3980; x_wconf 85' lang='grc' dir='ltr'>τὸν</span> <span class='ocrx_word' id='word_1_279' title='bbox 491 3897 587 3987; x_wconf 70' lang='grc' dir='ltr'>Ῥῆνον</span> <span class='ocrx_word' id='word_1_280' title='bbox 614 3903 779 3978; x_wconf 82' lang='grc' dir='ltr'>διαύαίνειν</span> <span class='ocrx_word' id='word_1_281' title='bbox 808 3911 907 3990; x_wconf 81' lang='grc' dir='ltr'>αἰτίας</span> <span class='ocrx_word' id='word_1_282' title='bbox 926 3903 1077 3996; x_wconf 71' lang='grc' dir='ltr'>διενοήθη·</span> <span class='ocrx_word' id='word_1_283' title='bbox 1103 3904 1289 3988; x_wconf 71' lang='grc' dir='ltr'>δικαιοτάτη</span> <span class='ocrx_word' id='word_1_284' title='bbox 1321 3905 1359 3981; x_wconf 72' lang='grc' dir='ltr'>δὲ</span> 
     </span>
     <span class='ocr_line' id='line_1_34' title="bbox 284 4011 1360 4113; baseline -0.001 -27"><span class='ocrx_word' id='word_1_285' title='bbox 284 4023 362 4092; x_wconf 81' lang='grc' dir='ltr'>αὕτη</span> <span class='ocrx_word' id='word_1_286' title='bbox 378 4017 503 4086; x_wconf 90' lang='grc' dir='ltr'>πάντων</span> <span class='ocrx_word' id='word_1_287' title='bbox 519 4021 661 4112; x_wconf 81' lang='grc' dir='ltr'>ἐγένετο,</span> <span class='ocrx_word' id='word_1_288' title='bbox 678 4022 727 4108; x_wconf 75' lang='grc' dir='ltr'>ὅτι</span> <span class='ocrx_word' id='word_1_289' title='bbox 741 4020 813 4096; x_wconf 80' lang='grc' dir='ltr'>τοὺς</span> <span class='ocrx_word' id='word_1_290' title='bbox 827 4018 999 4113; x_wconf 81' lang='grc' dir='ltr'>Γερμανοὺς</span> <span class='ocrx_word' id='word_1_291' title='bbox 1013 4022 1095 4086; x_wconf 87' lang='grc' dir='ltr'>ούτω</span> <span class='ocrx_word' id='word_1_292' title='bbox 1111 4011 1223 4112; x_wconf 77' lang='grc' dir='ltr'>ῥᾳδίως</span> <span class='ocrx_word' id='word_1_293' title='bbox 1241 4029 1299 4087; x_wconf 81' lang='grc' dir='ltr'>τού</span> <span class='ocrx_word' id='word_1_294' title='bbox 1316 4019 1360 4098; x_wconf 81' lang='grc' dir='ltr'>εἰς</span> 
     </span>
     <span class='ocr_line' id='line_1_35' title="bbox 283 4117 1362 4218; baseline -0.003 -24"><span class='ocrx_word' id='word_1_295' title='bbox 283 4129 338 4200; x_wconf 70' lang='grc' dir='ltr'>τὴν</span> <span class='ocrx_word' id='word_1_296' title='bbox 357 4124 513 4194; x_wconf 89' lang='grc' dir='ltr'>Γαλατίαν</span> <span class='ocrx_word' id='word_1_297' title='bbox 537 4117 703 4204; x_wconf 80' lang='grc' dir='ltr'>διαύαίνειν</span> <span class='ocrx_word' id='word_1_298' title='bbox 717 4125 934 4217; x_wconf 81' lang='grc' dir='ltr'>ἐποτρύνεσθαι</span> <span class='ocrx_word' id='word_1_299' title='bbox 952 4131 1047 4218; x_wconf 83' lang='grc' dir='ltr'>ὁρῶν,</span> <span class='ocrx_word' id='word_1_300' title='bbox 1061 4119 1211 4202; x_wconf 78' lang='grc' dir='ltr'>ήύούλετο</span> <span class='ocrx_word' id='word_1_301' title='bbox 1230 4126 1282 4194; x_wconf 86' lang='grc' dir='ltr'>καὶ</span> <span class='ocrx_word' id='word_1_302' title='bbox 1301 4128 1362 4193; x_wconf 79' lang='grc' dir='ltr'>αὐ-</span> 
     </span>
    </p>
   </div>
   <div class='ocr_carea' id='block_1_3' title="bbox 0 0 1509 5025">
    <p class='ocr_par' dir='ltr' id='par_1_5' title="bbox 0 0 1509 5025">
     <span class='ocr_line' id='line_1_36' title="bbox 0 0 1509 5025; baseline 0 0"><span class='ocrx_word' id='word_1_303' title='bbox 0 0 1509 5025; x_wconf 95' lang='lat' dir='ltr'> </span> 
     </span>
    </p>
   </div>
  </div>
 </body>
</html>
