3000 5025
181 579 183 582 .
276 500 350 578 520
570 503 608 573 C.
636 505 781 573 JULII
810 500 1047 574 CAESARIS

273 637 391 714 πόλεως
403 636 574 732 πράγματα
591 637 725 730 γνόντες·
745 637 797 704 καὶ
814 649 936 731 πρῶτον
957 638 1010 728 μὲν
1030 636 1099 714 τοὶις
1115 621 1242 710 Ιέδουεῖς
1259 633 1342 723 ἐντῆ

272 738 436 836 Βιύράκτῳ
463 745 552 811 πόλει
584 745 637 810 τὸν
668 738 838 811 Λιτάύικον
862 737 1027 826 δέξασθαι,
1043 744 1095 810 καὶ
1123 742 1178 808 τὸν
1212 738 1346 831 ἀρχοντα

272 845 584 941 Κομύικτολιτάνην,
599 849 657 933 τό,
674 875 708 916 τε
724 857 849 927 πλεῖς-ον
869 862 925 927 τῆς
947 854 1120 945 συγκλήτου
1139 849 1215 941 πρὸς
1238 848 1344 911 ἐκεῖνον

271 958 401 1024 ἀπιέναι·
417 957 524 1024 ἔπειτα
545 947 580 1023 δὲ
599 956 649 1024 καὶ
668 959 743 1049 πρὸς
761 960 883 1034 τούτοις
906 953 992 1049 παρὰ
1014 959 1070 1024 τὸν
1087 952 1348 1049 Βεριιιγγετύρυγα

271 1057 411 1156 πρέσύεις
439 1063 508 1155 περὶ
535 1061 711 1155 συμμαχίας
737 1065 798 1130 ὑπὸ
829 1072 891 1130 τῶν
921 1050 1062 1131 Εδουίων
1092 1061 1278 1153 πεμφθῆναι·
1298 1054 1348 1122 καὶ

270 1180 374 1238 ταῦτα
395 1171 449 1260 μεν
470 1167 521 1242 οὖν
538 1183 649 1255 ,πάντα
676 1170 847 1262 μαθόντες,
870 1174 926 1237 οῦκ
951 1169 1120 1261 ἀμελητέον
1149 1162 1225 1232 εἷναι
1246 1162 1346 1251 σφίσιν

270 1277 426 1353 τοσαύτης
445 1277 583 1368 ἀφορμῆς
601 1277 747 1370 ἔγνωσαν·
767 1273 849 1342 ἀλλά
867 1277 938 1355 τοὺς
956 1279 986 1342 ἐν
1006 1285 1047 1368 τῇ
1065 1264 1267 1358 Νσύιοδούνῳ
1289 1269 1347 1335 ύπὸ

269 1391 332 1450 τῶν
365 1365 513 1473 Ρωμαίων
543 1381 801 1471 καταλειφθέντας
834 1390 999 1475 φρουροὺς,
1030 1381 1082 1448 καὶ
1118 1378 1243 1454 πάντας
1272 1375 1346 1468 πρὸς

269 1491 392 1565 τούτοις
411 1490 482 1566 τοὺς
502 1491 531 1560 ἐν
560 1499 599 1582 τῇ
626 1489 714 1555 πόλει
738 1490 830 1565 ὄντας
859 1491 1008 1582 ἐμπύρους
1028 1472 1186 1580 Ῥωμαίους
1200 1478 1345 1550 ἀποκτεί-

267 1619 392 1676 ναντες,
407 1593 449 1660 τὰ
468 1595 521 1687 μὲν
539 1597 708 1687 χρήματα,
726 1594 777 1662 καὶ
800 1596 871 1672 τοὺς
888 1598 1001 1672 ἵππους
1019 1595 1164 1670 ἀλλήλοις
1183 1583 1344 1680 διένειμαν·

268 1704 341 1778 τούς
362 1725 397 1766 τε
416 1709 476 1767 τῶν
494 1702 610 1768 πολεων
625 1705 757 1795 ὁμήρους
777 1704 852 1792 πρὸς
877 1703 930 1769 τὸν
952 1695 1245 1793 Κομύικτολιτάνην
1261 1700 1344 1785 ἐντῇ

267 1801 431 1896 Βιύράκτῳ
456 1809 544 1874 πόλει
571 1805 759 1900 πέμψαντες·
787 1811 844 1881 τὴν
878 1808 932 1899 μὲν
963 1798 1191 1888 Νούιόδουνον,
1214 1807 1264 1870 ὅτι
1292 1805 1345 1868 οὐκ

267 1903 420 1987 ἠδύναντο
439 1915 535 1987 αὐτὴν
550 1905 729 1998 διασώζειν,
745 1915 788 2006 μή
803 1914 831 1980 οί
848 1899 986 2005 Ρωμαῖοι
1008 1915 1104 1984 αὐτὴν
1120 1903 1342 1990 καταλάύοιεν,

268 2021 444 2112 ἐνέπρησαν.
470 2021 533 2086 Τοῦ
561 2011 592 2085 δ’
613 2021 732 2098 ἐνόντος
762 2019 906 2100 σίτου,θ
936 2021 989 2112 μὲν
1019 2018 1104 2095 εὐθὺς
1131 2009 1341 2096 ἠδυνήθησαν,

266 2125 369 2192 ναυσὶν
391 2124 598 2218 ἀπέπεμψαν,
612 2127 650 2192 τὸ
669 2117 830 2194 δὲ’λοιπὸν
842 2177 851 2208 ,
865 2128 954 2219 μέρος
974 2127 1027 2218 μὲν
1046 2124 1086 2202 εἰς
1107 2125 1161 2191 τὸν
1181 2122 1342 2213 ποταμὸν,

268 2234 355 2325 μέρος
376 2224 411 2300 δέ
428 2231 480 2298 καὶ
494 2232 534 2310 εἰς
553 2234 590 2300 τὸ
608 2242 667 2324 πῦρ
687 2235 735 2324 έρῤ
751 2230 823 2323 ψαν·
840 2243 943 2310 ταῦτα
959 2225 994 2298 δὲ
1008 2228 1210 2322 ποιησάμενοι
1232 2232 1267 2294 ἐκ
1289 2236 1342 2303 τῆς

266 2330 449 2430 περιοικίδας
480 2337 609 2428 ςρατιάν
645 2332 844 2432 συναθροίζειν
860 2390 870 2416 ,
889 2336 1021 2432 φρουρὰς
1053 2329 1083 2402 δ’
1111 2337 1161 2403 ἐπὶ
1188 2342 1257 2412 ταῖς
1288 2343 1342 2400 τοῦ

265 2443 398 2537 Λίγαρος
420 2453 564 2536 ποταμοῦ
596 2445 699 2537 ὄχθαις
722 2456 919 2527 καταςῆσαι,
939 2445 991 2511 καὶ
1021 2445 1144 2511 ἱππικὸν
1173 2439 1340 2523 πάντοθεν,

265 2560 322 2619 τοῦ
337 2545 499 2641 ἐμύάλλειν
524 2546 619 2643 φύύον
642 2556 729 2619 ἕνεκα
746 2563 797 2640 τῷ.
816 2551 964 2646 Καίσαρι,
979 2544 1175 2625 ἐπιδεικνύειν
1188 2543 1341 2641 ἤρξαντο,

264 2656 340 2731 ἵναῆ
350 2658 421 2735 τοὺς
431 2642 590 2750 Ῥωμαίους
603 2670 664 2723 τῶν
676 2649 859 2731 ἐπιτηδείων
871 2655 1142 2739 ἀποκωλύσειαν,ἢ
1155 2653 1208 2722 καὶ
1217 2653 1341 2731 ἐκείνους

265 2763 378 2855 ἀπορίᾳ
405 2763 582 2841 πεισθέντας
604 2767 638 2831 ἐκ
662 2775 718 2841 τῆς
743 2764 891 2856 ἐπαρχίας
918 2763 1113 2831 ἀπελάσειαν.
1136 2764 1287 2847 Τοσούτῳ
1308 2752 1342 2825 δὲ

265 2874 382 2961 μᾶλλον
400 2872 429 2935 έν
444 2873 543 2963 ταύτῃ
563 2867 639 2942 ἦσαν
655 2881 694 2963 τῇ
715 2863 837 2955 ελπίδι,
855 2873 917 2955 ὅσῳ
935 2876 953 2936 ὁ
968 2869 1066 2964 Λίγήρ
1079 2919 1088 2952 ,
1102 2871 1137 2935 ἐκ
1154 2876 1216 2935 τῶν
1234 2869 1341 2960 χιόνων

264 2978 343 3043 πολὺ
357 2969 511 3058 αὐξηθεὶς,
528 2983 687 3054 παντελῶς
706 2970 783 3070 πεζῇ
801 2967 974 3053 ἀδιάύατος
993 2968 1094 3043 ἐδόκει
1108 2971 1193 3041 εἶναι.

318 3083 408 3149 LVI.
428 3084 531 3150 Τοῦτο
547 3074 582 3149 δὲ
602 3083 690 3176 γνοὺς
704 3088 720 3149 ῦ
735 3086 876 3180 Καῖσαρ,
891 3083 1038 3159 σπευςέον
1055 3087 1141 3169 αύτῷ
1161 3077 1237 3147 εἷναι
1251 3083 1341 3175 ἔγνω,

264 3188 330 3269 ἰ’να,
348 3185 429 3279 εἴπερ
447 3213 480 3281 γε
502 3192 596 3274 ἐντῷ
620 3183 857 3267 κατασκευάζειν
875 3192 1006 3283 γεφύρας
1027 3188 1179 3280 μάχεσθαι
1206 3188 1341 3281 ἀναγκα-

264 3293 346 3368 σθείη
358 3346 368 3375 ,
382 3294 463 3361 ἀλλὰ
476 3304 568 3389 γοῦν,
583 3294 651 3386 πρὶν
671 3294 690 3369 ἢ
711 3298 769 3369 τὴν
790 3307 852 3362 τῶν
873 3293 1025 3387 πολεμίων
1045 3298 1163 3385 μᾶλλον
1178 3287 1342 3371 αὐξηθῆναι

264 3390 410 3493 δύναμιν,
428 3400 571 3493 μάχοιτο.
596 3404 640 3469 Τὸ
662 3402 714 3493 μὲν
736 3400 812 3495 γάρ,
831 3404 925 3469 αὐτὸν
948 3404 1203 3497 μετανοήσαντα,
1226 3400 1267 3478 εἰς
1285 3402 1340 3473 τὴν

264 3506 411 3599 ἐπαρχίαν
444 3505 690 3601 ἀποτρέπεσθαι,
721 3518 778 3574 τοῦ
807 3511 849 3599 μή
883 3515 978 3574 ποιεῖν
1008 3507 1172 3601 ἀναγκαῖον
1201 3511 1341 3600 ἡγήσατο
1382 3528 1389 3535 ·

263 3607 358 3695 εἶναι,
380 3622 502 3706 πρῶτον
524 3616 577 3707 μὲν
604 3625 644 3708 τῇ
669 3640 703 3681 τε
728 3612 911 3707 αἰσχρότητι
932 3624 988 3681 τοῦ
1007 3613 1211 3707 πράγματος,
1228 3612 1280 3679 καὶ
1298 3622 1343 3698 τῷ

263 3719 460 3811 ἀντικειμένῳ
479 3724 564 3806 αύτῷ
587 3718 669 3787 κατὰ
695 3724 751 3795 τὴν
779 3713 853 3787 ὁδὸν
883 3715 1019 3805 Γεύέννῳ
1043 3721 1124 3813 ὄρει,
1138 3717 1191 3786 καὶ
1214 3728 1255 3811 τῇ
1281 3729 1341 3785 τῶν

263 3818 343 3894 ὁδῶν
374 3817 520 3918 δυσχερέα
548 3828 811 3919 ἀποκωλυύμενος·
846 3828 953 3893 ἔπειτα
987 3818 1023 3891 δέ
1055 3825 1123 3918 περὶ
1155 3825 1270 3892 ἀπόντι
1298 3836 1341 3912 τῷ

263 3928 427 4019 Λαύιηνῷ,
443 3934 495 4001 καὶ
512 3938 577 4011 τοῖς
601 3936 653 4000 σὺν
678 3932 782 4019 ἐκείνῳ
806 3931 963 4026 τάγμασιν
978 3932 1107 4025 ἰσχυρῶς
1133 3922 1256 4008 δεδιώς.
1271 3933 1340 3997 Τοι-

263 4050 374 4131 γαροῦν
392 4041 501 4118 νυκτός
520 4039 624 4108 τεκαὶ
642 4043 757 4133 ήμέρας
779 4046 818 4117 ὡς
839 4031 970 4106 ἐδύνατο
985 4038 1106 4130 τάχιςα
1123 4038 1339 4129 πορευόμενος,

263 4148 432 4238 ταχύτερον
461 4156 517 4223 τῆς
545 4134 671 4216 πάντωθ
705 4138 798 4224 δόξης
819 4147 895 4239 πρὸς
923 4148 977 4214 τὸν
1004 4143 1129 4239 Λίγηρα
1147 4146 1337 4237 παρεγένετο·
