3000 5025
272 513 583 586 INTERPRES
610 514 845 583 GRAECUS.
874 517 968 585 LIB.
998 518 1065 586 IV.
1090 521 1093 525 ’
1132 522 1203 604 [ρει

120 642 266 743 ’λοτρίων
280 652 382 743 χώραν
397 640 562 721 δυνηθῆναι
576 641 773 714 καταλαάεῖν·
788 650 864 741 πρὸς
881 650 1003 727 τούτοις
1018 641 1049 715 θ’
1062 642 1207 744 οὐδεμίαν

121 832 128 847 υ
142 758 171 821 ἐν
185 766 224 850 τῇ
239 754 382 843 Γαλατίᾳ
395 753 562 849 χώραν,ἢν
584 748 709 836 (άλλως
728 780 763 820 τε
778 755 831 821 καὶ
844 757 985 842 τοσούτῳ
998 748 1057 822 ἀνθ
1060 768 1117 851 ρῶν
1134 762 1211 834 πλά-

132 859 207 947 θει)
230 853 336 929 δοῦναι
356 854 482 929 δύναιτο
496 859 719 954 ,ἐρημοῦσθαι
743 848 822 927 Ᾰλλ’
847 855 944 939 ἕξεςιν
971 866 1061 954 ὑμῖν,
1085 865 1140 956 ίρη
1156 916 1166 949 ,
1183 866 1209 933 εί

142 962 301 1035 ἕουλεσθαι·
314 972 344 1035 ε’ν
359 976 399 1061 τῇ
414 978 476 1034 τῶν
490 960 612 1033 Οῦίίίων
626 970 716 1062 χώρᾳ
731 969 929 1059 καταμένειν,
944 968 1075 1035 ἐνταῦθά
1089 996 1123 1037 τε
1138 972 1211 1039 ἐκεί·

140 1099 213 1161 νοις,
232 1072 253 1142 ἃ
271 1076 331 1142 ὑπὸ
352 1082 412 1141 τῶν
432 1075 567 1141 Σουειίων
588 1072 779 1157 πεπόνθατε,
793 1075 1031 1157 κατειπεῖν,·κιιὶ
1050 1079 1123 1170 παρ’
1136 1080 1211 1170 ἐμοῦ

142 1175 277 1255 θοάθειαν
313 1178 397 1249 κατὰ
428 1188 490 1248 τῶν
526 1181 660 1247 Σουέυων
689 1180 794 1249 αἰτεῖν·
819 1183 892 1274 παρ’
909 1181 962 1273 ἐμὲ
989 1179 1123 1276 μὲνγὰρ
1147 1192 1209 1251 τῶν

140 1281 424 1383 Οὐίίωνπρίσθεις
443 1288 519 1381 έχω,
540 1288 593 1354 καὶ
611 1297 714 1354 ταῦτα
729 1289 809 1381 ’παρ’
828 1282 1066 1380 ἀὐτῶννομίζω
1093 1289 1211 1359 ἀποκο-

139 1393 288 1487 μίσεσθαι.
305 1396 428 1487 Καῖσαρ
452 1394 512 1491 μὲν
527 1396 624 1472 οὕτως
642 1387 734 1461 εἶπεν.

187 1503 252 1569 ΙΧ.
275 1504 386 1568 Ταῦτα
404 1492 440 1567 δέ
456 1501 531 1595 πρὸς
550 1502 622 1578 τοὺς
637 1501 809 1594 Γερμανοὺς
823 1501 1006 1596 ἀπαγγελεῖν
1026 1502 1055 1570 οἱ
1072 1497 1212 1594 πρίσὲεις

130 1609 326 1701 ὑπέσχοντο,
341 1607 393 1673 καὶ
410 1608 485 1700 πρὸς
501 1616 595 1674 τοῦτο
616 1608 891 1699 βουλευσαμένους,
903 1606 985 1701 μετὰ
1001 1617 1081 1702 τρεῖς
1097 1611 1211 1701 ἡμέρας

138 1716 292 1782 ἐπανιέναι
308 1716 433 1805 ἔφασαν·
454 1716 483 1780 ἐν
506 1716 611 1798 τούτῳ
623 1705 676 1797 θὲ,
692 1717 734 1806 μὴ
748 1715 935 1809 προσωτέρω
953 1708 1107 1798 ἐξελάσει,
1120 1715 1212 1811 ἰσχυ-

140 1831 197 1915 ρῶς
211 1818 298 1915 παρὰ
311 1820 368 1888 τοῦ
383 1820 539 1915 Καίσαρος
553 1822 739 1889 κατέτεινον.
755 1820 858 1899 Αὐτὸς
876 1812 911 1887 δέ
927 1831 1022 1888 τοῦτο
1038 1825 1142 1901 αὐτοῖς
1156 1827 1214 1915 οὐχ

139 1929 318 2023 ὡμολόγησε
329 1930 388 2013 ,τὸ
401 1934 527 2005 πλεῖς-ον
542 1936 599 1995 τοῦ
614 1932 715 1995 αὐτῶν
739 1927 867 1994 ἱππικοῦ
882 1927 934 1996 ἐπί
946 1952 981 1994 τε
999 1926 1083 1995 λείαν
1100 1928 1152 1996 καὶ
1169 1926 1213 1995 τὰ

138 2025 319 2119 ἐπιτήδειοι,
340 2035 513 2129 πέραν·τοῦ
533 2035 641 2102 Μόσου
661 2044 827 2126 ποταμοῦ,
841 2032 881 2112 εἰς
902 2037 959 2108 τὴν
982 2042 1044 2101 τῶν
1063 2024 1211 2128 Ᾰμριῦα·

139 2141 230 2233 ρίτων
256 2140 430 2234 πεμφθῆναι
453 2132 628 2226 εἰθὼς,“καὶ
650 2141 722 2219 τοὺς
743 2141 1066 2234 Γερμανοὺςποάτους
1086 2144 1212 2236 περιμέ-

125 2273 266 2331 ΙΙνοντας,
281 2239 515 2342 τὴνθιατριῖὴν
532 2250 651 2329 ταύτην
669 2242 832 2341 έμίάλλειν
849 2233 992 2340 νομίζων.

189 2356 233 2423 Χ.
255 2340 284 2420 O
304 2345 339 2421 δὲ
353 2355 462 2433 Μέσης
483 2356 625 2447 ποταμὸς
643 2354 705 2422 οἱπὸ
728 2355 782 2447 μὲν
797 2364 854 2422 τοῦ
873 2358 1030 2439 Βοσάκου,
1051 2357 1136 2447 ὄρους
1156 2367 1212 2434 τῆς

138 2464 326 2558 Λιγγονικῆς
338 2513 347 2545 ,
361 2466 521 2556 καταρρεῖ,
533 2460 585 2530 καὶ
605 2472 662 2530 τοῦ
678 2446 778 2536 Ριίνου
793 2463 882 2555 μέρος
895 2488 928 2530 τι
942 2462 1082 2542 Βάκαλες
1096 2465 1212 2532 καλοί-

139 2594 229 2663 μενον
244 2563 506 2663 προσλαίὼν,τὴν
520 2578 582 2636 τῶν
596 2570 746 2636 Βατανέων
762 2563 969 2663 ἀπεργάζεται
986 2571 1159 2643 νῆσονκοιὶ
1178 2574 1212 2638 οὐ
1268 2639 1275 2646 ,

138 2683 244 2745 πλεῖον
265 2674 399 2742 ἐντεῦθεν
420 2673 601 2768 τριακοσίων
625 2673 676 2742 καὶ
694 2675 927 2767 τεσσαράκοντα
947 2666 1082 2759 ςαθίων,
1096 2676 1136 2754 εἷς
1158 2677 1212 2745 τὸν

138 2767 277 2850 Ὠκεανὸν
293 2776 451 2874 έμὸάλλει.
464 2768 494 2848 (⁴)
507 2767 604 2859 Ῥῆνος
619 2773 654 2847 θὲ
666 2781 729 2848 άπὸ
745 2781 799 2873 μὲν
812 2790 868 2859 τῆς
883 2788 946 2847 τῶν
959 2769 1168 2866 Λεπουντίων,
1183 2786 1213 2850 ἐν

137 2897 203 2968 τοῖς
222 2870 359 2956 Ᾰλπεσιν
373 2888 535 2956 οἰκούντων
546 2939 556 2972 ,
569 2883 698 2982 ἄρχεται
710 2891 829 2981 χώρας,
843 2886 895 2954 καὶ
908 2890 1025 2962 πολλὴν
1039 2884 1211 2982 περιλαάὲον

137 3006 217 3088 γῆν,
231 2987 285 3063 θιθι
303 3005 360 3074 τῆς
378 3004 440 3064 τῶν
459 2993 686 3079 Ναντουάτων,
700 3001 763 3061 τῶν
778 2993 805 3060 θ’
818 2979 997 3078 Ελὸητίων,
1012 2994 1063 3062 καὶ
1081 3006 1143 3062 τῶν
1162 2997 1214 3063 Σε-
1296 3062 1298 3071 ,

138 3109 238 3169 κανῶν
251 3121 266 3186 ,’
280 3102 332 3170 καὶ
349 3110 412 3170 τῶν
433 3095 710 3196 Μεθιομοιτρικῶν,
725 3100 777 3169 καὶ
796 3111 859 3168 τῶν
881 3095 1059 3194 Τριὸάκων,
1079 3102 1131 3170 καὶ
1149 3113 1211 3170 τῶν

131 3206 290 3302 ·Τρευίρων
308 3212 410 3304 χώρας
433 3203 538 3287 θιαίως
553 3211 686 3302 φέρεται·
703 3216 750 3297 τῷ
774 3199 804 3273 θ’
817 3192 947 3295 Ὠκεανῷ
964 3204 1159 3294 πλησιάζων,
1172 3210 1212 3287 εἰς

120 3329 123 3340 ’
139 3314 242 3382 πολλὰ
254 3306 453 3407 διασχίζεται
467 3317 559 3411 μέρη,
575 3321 614 3394 ὡς
628 3314 758 3393 πλείςας
772 3314 878 3382 τεκαὶ
892 3314 1021 3410 μεγίςας
1033 3318 1157 3400 νάσοις,
1171 3315 1211 3382 ὧν

138 3423 176 3489 τὸ
199 3428 325 3500 πλεῖςον
346 3424 435 3517 μέρος
454 3425 513 3491 ὑπὸ
527 3421 638 3518 ἀγρίων
654 3449 688 3490 τε
706 3420 758 3490 καὶ
774 3416 967 3516 βαρίαρικῶν
981 3423 1082 3489 ἐθνῶν·
1095 3413 1110 3512 (
1121 3426 1150 3489 ἐν
1168 3419 1211 3500 οἷς

120 3541 124 3548 “
140 3530 192 3598 καὶ
203 3527 286 3595 ἐἰσὶν
299 3530 327 3596 οἱ
341 3529 446 3621 ἰχθύας
465 3533 556 3622 μόνον
570 3527 621 3598 καὶ
644 3527 690 3596 ὠὰ
711 3527 833 3622 ὀρνίθων
859 3524 1211 3623 σιτεῖσθαιλεγάμενόι)

122 3635 405 3731 ’άπεργοισάμενος,
423 3642 549 3714 πολλοῖς
566 3637 697 3728 ςόμασιν
716 3631 871 3703 εἰσίάλλει
888 3635 1003 3714 εἰςτθν
1021 3621 1169 3704 Ωκεανάν.

191 3745 254 3810 XI.
268 3743 316 3808 Οὐ
330 3749 434 3810 πλεῖον
454 3734 484 3809 θ’
495 3735 556 3817 ἤθη
572 3752 630 3810 τοῦ
642 3741 797 3835 Καίσαρος
816 3746 1013 3818 ἐννενιίκοντα
1025 3737 1058 3820 ἓξ
1071 3735 1210 3826 ςαθίων,

140 3850 202 3918 ἀπὸ
223 3859 285 3916 τῶν
309 3849 462 3942 πολεμίων
483 3851 588 3936 ὄντος,
608 3855 648 3928 ὡς
669 3847 908 3917 συνετεθείκεσαν
929 3850 957 3917 οἱ
976 3843 1118 3942 πρέσθεις
1133 3851 1209 3943 πρὸς

140 3956 234 4024 αὐτὸν
255 3955 440 4039 ἐπανῆλθον,
459 3955 510 4024 καὶ
532 3955 600 4024 καθ’
619 3948 691 4023 ὁδὸν
718 3957 918 4047 ἐντυχόντες,
935 3954 1052 4034 -πάσαις
1067 3947 1210 4042 δεήσεσι,

139 4064 187 4154 μθ
196 4065 384 4157 προσωτέρω
398 4055 745 4149 έξελάσοιματέτεινον.
757 4064 879 4131 Τούτου
895 4054 930 4130 δὲ
943 4065 1125 4155 σραλέντες,
1140 4055 1210 4132 θεά-

133 4168 217 4260 μεθα
229 4182 302 4266 γοῦν
318 4195 394 4258 σου,
405 4171 535 4263 ίροισαν,
550 4172 621 4250 τοὺς
635 4177 998 4264 προρυλακτοῦνταςσου
1013 4170 1123 4250 ἱππέας
1136 4174 1211 4264 παρ’
