3000 5025
309 637 409 727 ῆμέρορ
423 635 523 726 ταύτῃ
542 635 618 725 πρὸς
640 634 678 700 τὸ
698 637 821 723 σημεῖον
839 631 1026 724 πεμφθέντες
1042 633 1080 699 τὸ
1099 623 1206 724 δόγμα
1227 634 1285 697 οὐκ
1304 631 1379 698 οἱπε-

309 733 449 818 δέξαντο·
474 740 541 806 ἀλλ’
562 739 650 806 αὐτοὶ
680 739 733 830 μὲν
762 739 906 816 ἀλληλοις
939 729 1052 827 ἄνδρας
1079 737 1218 832 γενέσθαι
1251 737 1379 831 άγαθοθς

307 845 622 938 παρακελευσάμενοι,
646 846 814 939 ἡγουμένου
837 843 921 935 σφίσι
944 846 968 908 Γ
971 842 1037 911 αίου
1057 839 1251 937 Τρηόονίου,
1268 843 1379 930 ἱππέως

307 937 468 1046 Ρωμαίου,
492 945 545 1018 διὰ
573 953 672 1043 μέσων
696 958 758 1016 τῶν
784 948 937 1039 πολεμίων
963 959 1037 1016 σῶοι
1064 954 1241 1043 σύμπαντες
1264 949 1316 1017 ἐπὶ
1344 951 1378 1018 τὸ

306 1067 390 1148 σφῶν
412 1049 607 1150 ςρατόπεδον
636 1049 798 1130 διηλασαν·
819 1060 929 1134 αὐτούς
952 1056 979 1124 θ’
997 1057 1026 1124 οἱ
1046 1055 1161 1139 ἱππεῖς,
1180 1057 1232 1122 καὶ
1255 1057 1285 1123 οἱ
1308 1056 1380 1123 άκό-

304 1164 407 1259 λουθυι
423 1175 462 1258 τῇ
486 1168 564 1257 αὐτῇ
586 1158 703 1254 ἐμόολῆ
724 1164 940 1254 ἐφεσπόμινοι,
956 1172 996 1256 τῆ
1015 1165 1115 1244 αὐτῶν
1137 1153 1262 1254 ἀνδρείᾳ
1283 1162 1325 1240 εἰς
1344 1164 1378 1230 τὸ

303 1271 476 1364 χαράκωμα
502 1271 568 1362 ἅμα
587 1260 785 1342 διεσώθησαν·
812 1269 839 1336 οἱ
862 1261 892 1334 δ’
912 1272 942 1335 ἐν
966 1280 1013 1356 τῷ
1031 1269 1117 1360 λόφῳ
1139 1268 1378 1362 καταμείναντες

303 1388 494 1468 ςρατιῶται,
509 1377 579 1443 ούτε
599 1376 652 1467 μὲν
675 1378 704 1442 ἐν
721 1379 823 1461 αὐτῷ,
839 1377 888 1442 ἵνα
910 1375 1044 1442 ἐντεῦθεν
1060 1375 1298 1467 ἀπομάχοιντο,
1318 1378 1378 1450 ῆνέ·

302 1499 414 1574 σχοντο
434 1484 547 1574 μένειν,
559 1483 630 1550 οὔτε
648 1507 685 1575 γε
702 1483 835 1555 τὴντῶν
850 1479 950 1548 ἄλλων
970 1482 1081 1574 ἀρετὴν
1097 1483 1249 1572 ὠφέλιμον
1273 1486 1374 1560 αὐτοῖς

291 1589 438 1682 ’γενέσθαι
460 1595 605 1681 ὁρῶντες,
622 1580 813 1661 ἠδυνήθησαν
838 1588 1002 1679 μιμεῖσθαι·
1018 1588 1086 1656 αλλ’
1101 1588 1151 1654 ἐπὶ
1171 1589 1209 1654 τὸ
1227 1590 1376 1681 ςρατόπε·

289 1686 355 1792 ,δον
379 1695 543 1788 ἀναχωρεῖν
567 1698 806 1788 ἐπιχειροῦντες,
825 1693 865 1770 είς
885 1685 1057 1788 δυσχωρίαν
1084 1693 1167 1784 σφίσι
1187 1689 1372 1768 κατέόησαν·

300 1801 351 1868 καὶ
369 1801 500 1868 ἐνταῦθα
522 1801 621 1892 οἱμὲν
645 1794 823 1891 ταξιάρχοι,
838 1791 892 1866 διὰ
914 1804 970 1874 τῆν
996 1810 1078 1891 σφῶν
1098 1801 1210 1892 οἱρετῆν
1236 1827 1316 1879 τινες
1341 1805 1373 1868 ἐκ

297 1917 360 1974 τῶν
377 1915 508 2001 μικρῶν,
523 1903 624 1973 ἄλλων
646 1908 836 2001 ταγμάτων,
859 1900 975 1984 τάξεων
995 1906 1035 1984 εἰς
1059 1905 1116 1984 τὰς
1135 1916 1193 1974 τού
1212 1905 1371 2000 τάγματος

298 2017 411 2081 τούτου
431 2005 668 2094 διαόεύηκότες,
684 2015 726 2105 μῆ
741 2013 831 2094 τότε,
845 2012 881 2086 ῆν
902 2013 1050 2105 πρότερον
1069 2015 1252 2094 ἐκέκτηντο,
1265 2014 1370 2105 αἱρετῆς

297 2114 482 2188 οἱποόάλοιεν
503 2111 613 2200 δόξαν,
629 2117 772 2212 γενναίως
789 2118 903 2196 πάντες
923 2119 1111 2211 μαχόμενοι,
1126 2119 1289 2187 ἀπέθανον.
1305 2123 1369 2188 Τῶν

298 2217 332 2292 δὲ
351 2233 532 2318 ςρατιωτῶν
553 2228 641 2317 μέρος
660 2225 714 2317 μὲν
743 2216 797 2290 διὰ
825 2235 881 2302 τῆς
909 2227 1028 2292 τούτων
1056 2227 1166 2318 ἀρετῆς
1188 2218 1367 2318 παραδόξως

296 2330 346 2398 ἐπὶ
363 2333 402 2399 τὸ
421 2322 615 2423 ςρατόπεδον
636 2322 836 2402 διεσώθησαν·
857 2333 946 2425 μέρος
966 2322 1001 2398 δὲ
1019 2331 1070 2399 καὶ
1088 2333 1148 2400 ὑπὸ
1167 2339 1230 2400 τῶν
1252 2334 1367 2425 Γερμα-

295 2447 353 2504 νῶν
371 2437 590 2521 κυκλωθέντες,
605 2438 831 2509 κατεκόπησαν.

349 2538 440 2615 XLL
462 2547 565 2612 Τοῦτο
585 2535 615 2610 δ’
641 2545 669 2610 οἱ
688 2544 837 2636 Γερμανοὶ
857 2538 1062 2637 πραξάμενοι,
1084 2546 1136 2613 καὶ
1155 2548 1192 2614 τὸ
1218 2554 1282 2613 τῶν
1300 2532 1367 2613 Ρω-

295 2651 391 2745 μαίων
414 2652 504 2744 αἱρεῒν
523 2650 715 2744 χαράκωμα,
737 2641 843 2724 ἐπειδὴ
863 2650 992 2730 ἐκείνους
1021 2656 1052 2719 ἐν
1072 2657 1158 2736 αὐτῷ
1183 2644 1366 2726 διασωθῆναι

295 2759 477 2841 κατενόουν,
494 2748 638 2849 οὐδεμίαν
658 2759 701 2823 ἔτ’
717 2748 845 2838 ἐΛπίδα,
859 2761 1051 2850 ποιούμενοι,
1064 2758 1099 2832 ῆν
1114 2760 1168 2850 μὲν
1188 2762 1218 2825 ἐν
1241 2767 1365 2851 κρυπτῷ

294 2864 457 2932 κατέθεντο
484 2863 590 2946 λείαν,
613 2857 784 2945 λαύόντες,
812 2864 904 2955 πέραν
924 2874 981 2930 τοῦ
1005 2850 1104 2938 Ρύνου
1130 2864 1224 2931 πάλιν
1251 2866 1365 2956 ἀνεχώ-

295 2996 398 3063 ρησαν·
418 2980 566 3047 τοσοῦτος
587 2960 621 3037 δὲ
645 2967 695 3035 καὶ
720 2968 801 3060 μετὰ
817 2970 874 3042 τὴν
894 2968 1012 3037 ἐκείνων
1036 2972 1234 3063 ἀποχώρησιν
1253 2980 1317 3049 τοῖς
1335 2976 1362 3038 έν

292 3085 338 3162 τῷ
352 3068 539 3168 ςρατοπέδῳ
553 3061 704 3167 Ρωμαίυις
719 3078 838 3141 ἐνέπεσε
854 3070 948 3165 φόόος
961 3127 971 3159 ,
984 3079 1040 3154 ὦς’
1057 3079 1087 3143 ἐν
1104 3088 1146 3171 τῇ
1160 3077 1248 3145 νυκτὶ
1265 3080 1362 3171 ταύτῃ

291 3184 367 3278 πρὸς
390 3184 500 3260 αὐτοὺς
529 3188 546 3249 ὁ
573 3184 663 3258 Γάϊος
687 3173 848 3258 Βολοσῒνος
877 3181 957 3273 μετὰ
984 3193 1040 3261 τῆς
1066 3184 1162 3253 ἵππου
1189 3186 1363 3278 παραγενό-

292 3315 399 3380 μενος,
418 3290 472 3355 τὸν
499 3287 643 3381 Καίσαρα
667 3285 748 3373 μετὰ
778 3298 834 3354 τοῦ
859 3294 1075 3382 ςρατεύματος
1104 3298 1182 3357 σῶον
1210 3290 1363 3382 ἔρχεσθαι,

291 3397 346 3462 οὐκ
363 3386 497 3469 ύδυνῆθη
512 3394 640 3463 πείθειν·
666 3396 733 3461 ἀλλ’
749 3397 846 3471 οὕτως
865 3395 1068 3485 ἅμαποίντας
1094 3402 1111 3463 ὁ
1131 3391 1226 3485 φόόος
1244 3423 1362 3489 προκα·
1438 3456 1442 3465 .

289 3504 418 3592 τέσχεν,
433 3505 494 3578 ώςε
522 3493 632 3592 σχεδὸν
658 3511 939 3594 παραφρονοῦντες,
967 3507 1069 3569 πᾶσαν
1088 3503 1142 3593 μὲν
1162 3494 1362 3596 διαφθαρῆναι

289 3610 345 3682 τῆν
365 3617 421 3675 τοῦ
442 3607 597 3700 Καίσαρος
615 3606 767 3698 ςρατιὰν,
780 3607 834 3673 τὸν
858 3598 894 3673 δὲ
912 3611 1073 3675 Βολοσῖνον
1093 3606 1174 3699 μετὰ
1192 3620 1250 3692 τῆς
1268 3612 1360 3676 ἰ’ππου

288 3716 395 3808 ἔλεγον
423 3715 552 3807 φεύγειν·
573 3717 607 3779 οὐ
631 3712 689 3806 γὰρ
712 3708 747 3779 θιν
771 3709 872 3790 άλλως
896 3716 1026 3781 πώποτε
1054 3722 1099 3801 τῷ
1123 3723 1208 3806 σφῶν
1235 3718 1360 3808 ἐρύματι

287 3821 359 3899 τοὺς
382 3820 553 3912 Γερμανοὺς
572 3826 726 3910 τολμῆσαι
744 3814 960 3912 προσώάκλειν·
987 3823 1039 3888 τὸν
1062 3822 1116 3913 μὲν
1135 3816 1231 3913 φόῶον
1250 3831 1358 3890 τοῦτον

224 3918 229 3933 “
285 3932 304 3999 η’
321 3937 377 3993 τοῦ
395 3924 550 4018 Καίσαρος
566 3920 665 4016 άφιξις
684 3926 882 3994 παντάπασιν
895 3927 1050 4015 ἠφάνισεν.

339 4034 449 4101 XLII.
466 4016 495 4096 O
515 4023 550 4099 δὲ
571 4035 692 4123 Καῖσαρ
713 4035 769 4105 τῆν
788 4033 1046 4126 τοῦπράγματος
1066 4034 1170 4124 μαθὼν
1189 4028 1357 4111 οἱπόύασιν,

254 4145 258 4154 ’
290 4136 320 4205 ἓν
331 4139 386 4232 μέν
403 4140 602 4231 τοῦτομόνον
617 4141 787 4222 ῆτιάσατυ,
800 4142 849 4206 ότι
864 4137 922 4216 τὰς
936 4138 1060 4233 σπείρας
1074 4144 1091 4207 ὁ
1107 4142 1247 4233 Κικέρων
1259 4143 1294 4207 ἐκ
1305 4146 1357 4205 τού
