3000 5025
283 475 357 567 548
490 479 561 550 so
587 476 833 549 luisses.
863 467 1127 546 osseum·
1206 524 1210 530 .

323 613 349 665 3.
361 609 418 664 Sor.
434 628 466 663 ex
481 628 530 663 ms.
545 607 587 662 καὶ
603 613 647 670 τῆς
660 609 745 669 πάσης
759 611 804 668 τῆς
817 608 955 668 Γαλατίας.

323 705 349 752 4.
363 691 457 743 Posset
467 690 527 761 quis
539 707 572 742 ex
581 689 732 760 Inter-prete
742 687 869 740 hariolari
882 689 931 740 ista
942 684 1013 758 apud
1021 686 1167 753 Creontem,
1177 689 1354 760 quodproelr'rsn

277 772 374 839 factrus
385 774 432 832 sr't,
445 764 573 841 glossema
584 787 648 822 esse.
663 766 715 820 Sed
728 765 763 820 de
777 767 819 820 his
831 765 905 820 docti
917 765 1056 821 videbunt.
1068 768 1125 840 Ego
1139 787 1226 820 meam
1238 787 1355 822 caussam

281 869 338 904 non
353 849 438 915 isoio,
450 849 552 902 veritus
565 866 600 902 ue
615 848 675 919 quis
694 847 818 900 oocinat:
835 847 898 916 Quis
914 847 959 899 tibi
972 867 1033 900 soerc
1040 865 1105 918 puer
1119 848 1187 899 dedit
1200 849 1246 900 lroc
1258 853 1285 900 in
1302 848 1355 902 Coe·

281 932 414 1000 sarejuris.
426 928 525 982 Omisit
533 947 599 982 vero
609 929 710 998 interp.
720 939 747 979 et
759 925 824 990 ista,
832 927 1019 999 fhrtsrucmque,
1035 933 1185 999 quoecumq'ue
1195 929 1306 990 arefiat,
1319 949 1357 980 es-

278 1014 409 1080 pariam.
425 1008 498 1061 Inlra
514 1007 629 1078 crisippi
646 1013 688 1060 τοῦ
696 1007 731 1077 μὴ
743 1006 810 1074 οὐχὶ,
825 1018 874 1059 ete.
886 1005 1356 1079 Fortescribererolebatrippsssfflo

280 1090 323 1142 vel
337 1085 504 1161 ἀμφισὸντῶ,
517 1106 551 1140 an
565 1085 766 1157 ἀμφισΰήτητὸν,
783 1103 838 1157 quo
853 1085 916 1138 aliu
935 1087 1030 1139 utitur.
1048 1087 1127 1140 Certe
1148 1087 1199 1140 tale
1221 1085 1357 1158 quidesse

280 1167 536 1240 oportet.scn'beih.
544 1186 577 1220 ex
584 1185 634 1221 ms.
644 1163 776 1233 καὶτῇτῆς
783 1166 866 1230 rioci,
873 1178 923 1220 etc.
935 1165 1001 1218 Fine
1008 1166 1083 1238 prius
1091 1180 1148 1220 erat
1156 1162 1266 1220 δύνασαι
1278 1168 1356 1220 ἀπολ-

272 1249 387 1302 Ιὶνοὶττιιν.

319 1328 436 1380 XXXII.
454 1327 524 1396 Quas
539 1327 612 1377 ceteri
616 1326 735 1392 farerert.
747 1325 837 1377 Etiam
852 1324 962 1396 iusuper
974 1325 1070 1378 hahuit
1083 1326 1219 1397 Interpres
1234 1339 1264 1379 et
1278 1327 1356 1398 scrip·

276 1405 351 1462 'serat
365 1419 427 1460 ante
435 1425 490 1476 sep.
502 1405 571 1484 saiso
579 1408 660 1476 ἀνιιμ.
672 1403 746 1476 qaod
760 1405 830 1458 κάτω
843 1417 931 1458 tamen
943 1405 1013 1458 linea
1025 1404 1087 1459 dein
1097 1403 1270 1460 subduxerat.
1285 1407 1356 1460 Omi-

281 1488 315 1541 sit
328 1506 393 1540 vero
405 1486 462 1540 hsce
475 1485 564 1538 omnia
573 1484 722 1557 obtentuque
733 1485 855 1539 Ariovisti
863 1484 1041 1548 crudelitatem,
1050 1486 1120 1538 velut
1130 1489 1152 1538 si
1159 1505 1240 1538 coram
1251 1486 1352 1549 adesset,

279 1569 410 1620 horrerent.

295 1690 298 1694 »
320 1646 451 1700 XXXIII.
463 1647 497 1698 Τὸ
511 1635 612 1704 Ilissi<
629 1655 686 1696 esst
700 1645 847 1710 insertum,
859 1656 889 1696 ut
904 1656 931 1698 et
942 1646 974 1702 ,τὸ
989 1645 1091 1716 ὁμήρους
1100 1681 1108 1710 ,
1117 1645 1164 1697 1ὼί
1178 1657 1270 1698 tamen
1282 1646 1356 1699 Ario·

281 1731 365 1782 rr'stum
377 1724 555 1797 pretermisit.
566 1723 675 1777 Barbari
685 1724 795 1778 hicnon
809 1721 914 1790 reddit,
929 1723 1004 1795 quod
1018 1737 1106 1778 tamen
1116 1743 1173 1777 non
1186 1726 1304 1796 neglexit
1316 1746 1356 1780 su·

280 1825 330 1880 pra
338 1823 396 1877 cap.
413 1805 459 1858 31.
472 1804 515 1857 Ibi
528 1805 682 1872 ἀποσχέσθαι
691 1803 720 1856 ἂν
728 1840 736 1862 ,
744 1804 875 1857 insertum
885 1817 924 1857 est
934 1804 973 1857 ἂν,
981 1804 1053 1858 Nota
1058 1805 1138 1858 etiam
1146 1803 1220 1875 quod
1236 1807 1355 1859 Teutonos

280 1887 429 1950 Τουτόνους,
442 1885 497 1938 sive
509 1895 540 1942 ut
551 1883 622 1936 inira
632 1902 658 1937 c.
674 1890 726 1948 40,
735 1896 765 1938 et
776 1883 795 1936 l.
804 1885 840 1936 ΙΙ.
854 1901 878 1936 c.
893 1889 919 1946 4.
934 1885 1067 1946 Τουτονοὺς
1077 1896 1170 1950 vocet,
1181 1886 1238 1939 etl.
1251 1887 1321 1952 VH,
1331 1905 1354 1940 c.

226 2001 229 2004 <
278 1985 329 2036 77.
344 1966 469 2018 Τοντόνων
486 1961 594 2029 est‚se‹l
605 1963 623 2016 l.
640 1963 684 2030 ΙΙ,
693 1981 752 2034 cap.
767 1965 961 2031 ap..Touso'rur.
973 1965 1067 2017 Postea
1079 1970 1246 2018 Σακουσιανῶν
1260 1966 1355 2032 habet,

280 2065 365 2117 quum
380 2041 452 2116 apud
467 2042 531 2095 Ces.
549 2042 583 2095 sit
595 2042 726 2115 Sequanos.
738 2043 850 2114 Legitne
865 2061 928 2114 ergo
942 2043 1097 2114 Segrur'aru's,
1110 2054 1140 2096 ut
1154 2062 1235 2116 supra
1250 2064 1274 2099 c.
1295 2065 1334 2099 so.

321 2125 452 2177 XXXIV.
468 2121 530 2175 Τινὰ
544 2121 596 2186 ait,
611 2123 686 2193 qussi
700 2141 785 2193 unum
801 2121 943 2192 quemdam
959 2135 1063 2177 tantum
1078 2122 1113 2178 ad
1127 2125 1293 2178 Ariovistum
1310 2127 1356 2178 alr·

281 2205 391 2276 legasset
406 2203 508 2267 Caesar,
522 2201 570 2272 qui
583 2213 673 2253 tomen
687 2203 724 2254 ait
737 2201 789 2254 sibi
802 2201 948 2273 placuisse,
959 2215 989 2256 ut
1005 2204 1097 2274 legatos
1112 2208 1222 2256 mitteret.
1235 2206 1358 2262 Praeterit

280 2297 309 2337 et
322 2281 390 2336 illud
404 2300 467 2334 mox
478 2281 508 2332 de
521 2282 581 2351 liep.
589 2281 668 2334 Prius
680 2280 786 2351 scripsit
795 2282 875 2335 etiam
887 2299 894 2334 :
906 2283 947 2353 ἀγ.
958 2283 1033 2344 οὕτως
1042 2284 1135 2355 ,inexp
1150 2285 1220 2337 Dein
1229 2303 1279 2338 cur
1288 2287 1355 2340 omi·

281 2365 316 2416 sit
331 2383 419 2436 neque,
432 2375 515 2432 quum
532 2360 619 2412 Cosas
633 2360 685 2425 ait,
694 2380 769 2432 neque
779 2365 830 2414 siae
845 2381 921 2414 exerc.
931 2362 974 2414 An
986 2362 1075 2434 itaque
1089 2362 1288 2418 emendandum
1301 2367 1356 2420 cira

281 2443 354 2515 χωρὶς
367 2461 441 2515 epar.
459 2459 520 2513 quas
531 2439 618 2511 prima
636 2440 768 2511 particula
780 2438 861 2495 deest.
877 2441 912 2496 Et
927 2459 977 2515 pro
990 2443 1136 2511 ἀαχολιίας,
1150 2463 1183 2527 ap
1198 2447 1299 2500 rectius
1310 2448 1356 2499 ἀσ-

280 2526 380 2593 χολίας,
392 2520 467 2594 quod
478 2522 580 2574 tritum.

321 2604 437 2657 XXXV.
451 2602 591 2672 Populcque
603 2602 635 2654 lt.
651 2601 757 2667 omisit,
768 2610 797 2655 et'
808 2602 884 2673 prius
899 2603 1039 2675 scripserat
1051 2608 1114 2659 τούν.
1132 2602 1185 2679 οὐδ’
1200 2608 1233 2668 εἰς
1249 2614 1273 2661 λ,
1292 2608 1366 2672 Mox,

278 2683 330 2736 ubi
345 2686 402 2743 τνὺς
417 2683 498 2735 αὐτῶν
511 2682 582 2751 capri
595 2701 635 2734 σοι
653 2682 725 2742 ὄντας
742 2682 860 2753 ὁμήρους,
871 2695 921 2736 eto.
934 2696 1024 2755 posset
1035 2685 1094 2756 quis
1111 2688 1277 2759 conjectare,
1289 2706 1358 2759 quo·

281 2764 355 2815 niam
363 2762 451 2815 Coessr
463 2762 513 2827 tit,
525 2760 617 2813 obsides
629 2780 688 2832 quos
699 2762 798 2813 haberet
807 2761 838 2813 ab
849 2763 955 2825 AEdur's,
964 2762 1150 2832 scribendum,
1160 2768 1216 2828 τοὺς
1228 2758 1359 2835 Plotius,

281 2841 329 2895 sed
342 2840 411 2894 illud
425 2843 506 2894 αὐτῶν
517 2840 626 2911 respicit
635 2842 777 2900 Γαλατίαν,
789 2846 868 2895 αὐτῶν
884 2843 939 2895 scil.
954 2844 1062 2898 Γάλλων.
1077 2844 1141 2898 Mox
1155 2851 1359 2918 conspuissent

281 2923 427 2986 insertum,
443 2933 470 2973 et
485 2938 535 2973 sor.
546 2921 652 2988 Ιχουσνν.
665 2920 736 2973 Dein
746 2920 888 2993 scripserat
901 2922 977 2994 prius
992 2910 1111 2996 Populos
1124 2926 1260 2996 ἐψηφίσατο
1273 2916 1316 2981 τὶν
1332 2950 1356 2982 τ·.

281 3022 303 3055 s.
317 3023 343 3053 τ.
353 3008 382 3055 Γ.
397 3021 418 3054 s.
431 3002 659 3071 ὶπιτροπιὺσαντα,
668 3012 718 3053 etc.

323 3081 430 3133 XXXV
432 3082 455 3132 1.
468 3079 607 3131 Placuerat
619 3079 765 3151 Interpreti
777 3080 866 3151 prius,
878 3082 900 3134 οἱ
914 3082 958 3154 pis
973 3076 1012 3136 οὖν
1023 3104 1059 3150 τ.,
1073 3097 1099 3137 et
1111 3084 1241 3139 insertum
1253 3106 1318 3140 mox
1330 3090 1357 3141 si

281 3163 342 3232 πρὸς
358 3162 403 3217 τήν
420 3159 499 3212 ἄλλων
516 3158 634 3230 γνώμην,
652 3160 714 3213 ἀλλ’.
726 3160 805 3213 Prius
820 3161 899 3223 etiam
919 3157 1025 3216 iratist
1042 3166 1129 3226 αὐτοὺς
1145 3166 1259 3237 scripsit.
1282 3168 1358 3222 Inln

282 3240 358 3312 prius
372 3240 500 3293 καὶτοῦτο
512 3239 555 3310 μὲν
573 3241 641 3310 αὐτῷ
655 3240 701 3293 ἀπ.
716 3252 743 3291 et
756 3240 845 3316 stptim
860 3240 902 3293 καὶ
914 3243 935 3294 sl
947 3242 990 3312 pir
1004 3244 1157 3315 scripserat.
1169 3246 1234 3298 Mox
1251 3266 1286 3300 an
1299 3267 1357 3302 rec·

282 3322 348 3387 tius,
364 3317 497 3386 συμὲαλών
514 3337 556 3389 μοι
568 3319 620 3371 οὐκ.

297 3417 301 3425 ·
323 3399 468 3452 XXXVII.
477 3398 627 3450 scriberem
640 3394 770 3469 Aipoirlsc,
778 3398 830 3451 nisi
836 3399 927 3470 potius
935 3392 1050 3469 truste.
1059 3402 1124 3455 Mox
1134 3406 1210 3457 estin
1220 3424 1270 3460 ms.
1282 3428 1357 3462 σπευ-

263 3528 267 3534 .
283 3483 355 3546 τίον,
370 3492 401 3532 ut
415 3490 443 3531 et
456 3478 526 3531 inira
541 3477 688 3549 aliquoties.

324 3558 483 3611 XXXVIII.
502 3558 580 3609 Prius
601 3558 653 3610 fuit
671 3559 747 3610 αὐτοῦ
768 3554 820 3615 tta
839 3560 962 3630 ὂχὺρωτο,
976 3562 1097 3633 neglecto
1112 3578 1269 3635 augmento,
1282 3566 1356 3639 quod

285 3640 416 3710 elegantes
429 3639 572 3709 scriptores
584 3636 614 3689 in
628 3655 704 3690 more
718 3637 990 3710 habent‚cujusmodi
999 3642 1077 3695 multi
1083 3640 1118 3695 ad
1125 3645 1249 3715 Longum
1265 3666 1355 3701 meum

285 3717 536 3789 notavi‚1nterpres
547 3716 593 3769 hic
601 3715 630 3768 id
638 3717 668 3769 in
681 3736 732 3770 usu
742 3718 824 3771 habet
837 3737 893 3771 non
907 3738 968 3772 raro
979 3720 1072 3789 etiam,
1084 3736 1114 3776 ut
1123 3724 1170 3778 lib.
1182 3726 1220 3789 11,
1231 3744 1291 3799 cap.
1307 3728 1354 3795 15,

283 3797 590 3871 spccnxopisssmlib.
605 3797 657 3862 IV,
667 3815 726 3869 cap.
737 3800 909 3865 hetrusca,
920 3812 947 3853 et
959 3818 1017 3873 cap.
1035 3801 1288 3873 12‚‘trtrac·tso;
1304 3808 1355 3875 15,

284 3875 462 3949 θιὴῶκωανς
476 3896 510 3931 aa
520 3915 529 3941 ‚
539 3877 760 3947 ssoaispsisscm
773 3878 823 3945 Sa,
835 3880 971 3951 πιπόρωτο
983 3892 1010 3933 et
1018 3884 1164 3954 τεθέριςοςὶ.
1178 3885 1219 3948 V,
1230 3904 1288 3959 cap,
1306 3886 1355 3951 54,

285 3956 536 4025 §sterneremus
544 3957 602 4021 vl,
612 3974 636 4009 o.
653 3954 868 4024 1‚smtrtrtsu‚
881 3972 908 4013 et
918 3959 968 4012 alia
983 3960 1055 4014 alibi.
1067 3962 1137 4016 lbid.
1149 3955 1354 4026 Ᾰλδούαςὸοὑὸιν

285 4051 363 4094 vocat
376 4037 424 4109 qui
442 4037 472 4090 in
489 4036 599 4091 cesaris
613 4037 664 4090 hac
677 4035 796 4091 editione
808 4037 913 4091 Adrum
924 4040 1088 4112 dulispedum
1102 4042 1163 4108 Dc,
1175 4056 1266 4097 noster
1281 4048 1355 4098 πέντι

286 4116 398 4185 eslius,
408 4113 527 4172 rotundo
543 4117 738 4201 forte-numero
749 4118 791 4173 uti
800 4118 900 4175 volens.
914 4119 1067 4193 sinumque
1082 4133 1171 4177 exacte
1185 4122 1325 4189 volumus,
1339 4143 1356 4177 a
