3000 5025
332 482 408 590 εον
477 535 484 551 .
634 486 671 555 c.
701 486 852 555 JUL11-
876 483 1142 555 eAEsAffis.

330 616 399 743 ρίως
417 616 542 711 πληγεὶς
562 617 687 701 ἱππεὺς,
703 617 897 685 καταπίπτοι
908 670 917 702 ,
930 619 1023 685 αὐτὸν
1047 616 1197 685 πάντοθεν
1214 613 1390 708 πἐριίςαταν·

329 748 354 787 ει
347 714 410 790 ’δέ
426 750 485 821 που
501 714 598 791 δέοι·’
583 752 602 797 η
624 724 855 817 προσωτέρω”
828 723 955 807 ιεναι,ἢ
976 725 1058 824 ταχὺ
1077 724 1261 852 ἀναχωρεῖν,
1275 721 1353 789 οὗτοι
1366 722 1389 788 οἱ

328 821 414 906 πεζοὶ
430 832 567 924 τοσαύτῃ
586 826 662 903 ἦσαν
679 831 920 924 ἐλαφρότητι,”
898 851 960 907 ωςε
976 838 1041 908 τοῖς
1060 837 1122 895 τῶν
1141 832 1243 922 ἵππιον
1262 829 1389 921 ἀπηρτη-

328 937 427 1025 μένοις
444 927 549 1028 ἰοοδρ’
532 952 603 1027 ομοι
617 932 702 1003 εἶναι.

380 1040 506 1111 XLIX
515 962 686 1115 Επειδὴδὲ
673 1042 822 1133 ὲκατέμα
823 1041 1040 1134 θενὸΚαῖσαρ
1052 1030 1149 1107 τὸνᾹ
1152 1036 1332 1134 ριόόιςονέκ
1343 1051 1390 1107 τοῦ

325 1141 567 1240 ςρατοπέδου’
538 1173 594 1216 οιικ
612 1140 747 1230 ἐξιόντα,
763 1139 926 1226 δεδιὼς
889 1174 930 1240 μη
945 1146 995 1214 ἐπὶ
1013 1140 1117 1228 πλὲῖον
1138 1154 1201 1212 τῶν
1221 1138 1388 1220 ἐπιτηδείων

324 1247 562 1337 ἀποκωλόηται,
562 1255 682 1385 πρόρω
702 1275 737 1319 τε
757 1263 814 1319 τοῦ
831 1264 895 1355 τῶν
915 1256 1078 1346 Γερμανῶν
1103 1279 1142 1346 ς
1144 1243 1302 1320 ατοπεδου
1321 1244 1388 1319 ἰ’διον

324 1361 400 1490 πρὸς
416 1352 651 1453 ςρατόπεδον
624 1385 699 1426 ειναι
716 1359 834 1443 τόπον,
847 1367 908 1426 τῶν
923 1359 1129 1427 κατασκόπων
1144 1360 1297 1447 ἀκοίτας,
1310 1369 1389 1451 τριχῇ

323 1468 381 1560 τήν
394 1470 504 1541 ἑαυτοῦ
524 1491 562 1557 ςρ
565 1464 654 1532 ατιάν
674 1458 852 1543 διετάξατο
865 1465 917 1532 καὶ
931 1465 972 1543 είς
986 1474 1102 1532 τοῦτον
1114 1466 1167 1531 τὸν
1185 1467 1283 1533 τόπον
1299 1492 1387 1558 παρα-

322 1572 503 1705 γεγόμενος,
526 1570 584 1650 τὰς
604 1572 657 1664 μὲν
682 1564 738 1638 δίο
761 1565 900 1649 τάξεις’
888 1596 917 1636 εν
940 1575 1047 1647 ὅπλοις
1066 1572 1264 1661 καταμένειν,
1282 1575 1386 1645 την
1358 1562 1386 1636 6

322 1676 429 1809 τρίτην
442 1680 530 1769 τὸς-ρ
533 1660 687 1745 ατόπεδον
699 1704 734 1769 κρ
739 1680 915 1743 ατόνεινπα
918 1680 1083 1770 ρόγγειλεν.
1097 1674 1245 1753 Οὗτος
1211 1684 1319 1769 μενὸ.
1302 1678 1386 1753 τόπος

284 1858 286 1869 ,
320 1786 477 1876 τέτταρας
498 1785 589 1876 μόνον
609 1775 771 1861 ςαδίους’
724 1785 815 1849 απὸ
829 1808 892 1848 των
905 1782 1096 1873 πολεμιων
1077 1793 1179 1864 απῆν,
1192 1782 1323 1851 ἐνταῦθα
1337 1775 1385 1850 6’6

321 1880 486 1982 Ᾱριόόις-ος
511 1882 624 1984 ἀνδρας
612 1916 699 2019 ςμυρ
703 1888 764 1965 ίους
787 1890 839 1955 καὶ
861 1872 1107 2019 ἑξακισχιλίους,
1114 1888 1165 1955 καὶ
1184 1889 1304 1990 πάντας
1325 1890 1385 1966 τοὺς

323 1996 433 2073 ἱππέας
447 1992 656 2089 ἐπέμψατο,
643 1998 833 2125 εννροιίμενος
847 1997 964 2067 ταύτην
978 1998 1036 2068 τὴν
1049 2020 1088 2086 ς·
1091 1994 1180 2061 ατιδιν
1194 1999 1268 2073 τοός
1284 2022 1317 2061 τε
1329 1982 1385 2060 66-
1430 2019 1432 2025 ’

321 2102 428 2193 μαίους
444 2097 636 2197 έκροόιόσειν,
649 2100 700 2167 καὶ
714 2110 772 2167 τοῦ
785 2127 822 2167 το
809 2092 1085 2194 ςρατόπεδονκρ
1087 2104 1227 2183 ατόνειν,
1242 2094 1385 2169 ιιωλόσειν

320 2190 414 2300 ὅμως
430 2200 487 2272 δ’
475 2234 490 2273 ο
505 2210 647 2299 Καῖσαρ,
666 2212 705 2285 ὡς
721 2207 773 2273 καὶ
794 2209 830 2273 τὸ
844 2208 992 2299 πρότερον
1012 2198 1188 2289 διελέξατο,
1204 2206 1262 2285 τὰς
1275 2210 1361 2299 μὲν
1338 2199 1384 2273 δίο

318 2308 465 2391 τάξεις
434 2338 489 2379 τον
501 2314 683 2405 πολέμιον’
665 2312 821 2407 απείργει,
836 2315 892 2387 την
906 2304 978 2379 δ
958 2312 1065 2405 τρίτην
1082 2314 1120 2381 τὸ
1134 2316 1221 2486 ἔργον
1236 2315 1385 2381 ἀποτελεῖν

319 2422 522 2552 πριρεγγιίησε.
548 2420 669 2487 Τούτου
699 2411 733 2485 δὲ
762 2430 868 2496 τοῦς
870 2341 1082 2517 ρατοπέδου’
1068 2445 1168 2511 οχυρω
1169 2419 1294 2503 θέντος,
1309 2423 1385 2514 μέρος

318 2529 371 2634 μὲν
388 2537 444 2594 τοῦ
464 2537 658 2656 συμμαχικοῦ
681 2551 733 2606 και
721 2519 809 2592 διίο
832 2526 986 2620 τάγματα
1004 2525 1247 2609 κατέλιπεν·τά
1272 2520 1303 2593 δ’
1316 2525 1386 2636 ἀλλα

316 2636 455 2732 τέτταρα
468 2634 619 2728 τάγματα
634 2633 683 2701 ἐπὶ
696 2634 733 2698 τὸ
748 2659 772 2725 μ
774 2635 885 2726 έςγαρ
847 2623 1041 2724 ςαρτόπεδον
1061 2632 1230 2736 ἀπήγαγεν.

369 2744 408 2808 L.
423 2744 471 2834 Τη
484 2732 538 2806 δ’
527 2765 582 2817 υςε
585 2739 868 2833 ραίαόΚαῖσαρ,
851 2766 891 2815 ως
907 2738 997 2806 καὶπ
998 2738 1100 2832 ρόσθεν
1117 2731 1236 2813 διενοόθ
1238 2765 1306 2822 η,ε
1292 2734 1385 2830 ἐξάμ·

314 2850 451 2942 ροτέρων
466 2855 527 2912 τῶν
547 2837 750 2942 ςρατοπέδων
767 2847 805 2911 τὸ
820 2846 982 2938 ςράτευμα
1001 2846 1055 2937 μὲν
1071 2840 1199 2941 ἐξήγαγε
1210 2897 1220 2928 ,
1233 2843 1336 2942 ὀλίγον
1355 2869 1384 2911 τε

314 2955 375 3020 ἀπὸ
395 2965 452 3021 τοῦ
475 2951 609 3046 μεγάλου
625 2943 822 3045 ςρατοπέδου
840 2950 1015 3050 προελθὼν,
1030 2954 1087 3026 τὴν
1102 2949 1233 3045 ςρατιάν
1252 2946 1383 3045 παρετέ-

313 3053 392 3137 ξατό
405 3087 457 3142 τε,
469 3058 520 3126 καὶ
532 3058 640 3126 ἑαυτὸν
656 3061 779 3148 έτοιμον
801 3058 841 3136 εἰς
859 3056 963 3151 μοίχην
978 3064 1043 3134 τοῖς
1062 3055 1218 3149 πολεμίοις
1234 3067 1380 3150 παρεῖχεν.

312 3152 431 3298 Επειδγλ
454 3157 573 3248 δὀὐδ
596 3168 693 3241 οὕτως
715 3165 826 3241 αὐτοὺς
848 3175 904 3231 τοῦ
922 3154 1133 3295 ςρατοπέδοο
1140 3174 1223 3254 σρῶν
1248 3165 1383 3232 κινεῖσθαι
1479 3198 1480 3242 γ

311 3274 493 3358 κατενόησε,
504 3272 572 3363 περὶ
585 3274 642 3346 τὴν
659 3265 813 3399 μεσημόρ
802 3296 849 3336 ιαν
864 3271 1049 3364 ἀνήγαγε
1017 3295 1055 3337 το
1071 3270 1245 3362 ςροίτευμοι.
1261 3261 1382 3338 Τότεδ
1479 3352 1480 3367 ρ

311 3350 512 3472 όᾸριόόιςος
536 3379 625 3471 μέρος
646 3377 678 3444 τὶ
701 3387 757 3443 τοῦ
778 3381 890 3444 ἑαυτοῦ
912 3378 1186 3469 ςρατεόματος,τ
1166 3385 1224 3442 τοῦ
1247 3379 1287 3445 τὸ
1308 3384 1380 3470 μεῖον
1479 3370 1480 3383 ³

310 3497 371 3552 τῶν
390 3512 446 3552 του
431 3481 616 3616 Καίσαρος
630 3474 889 3590 ςρατοπέδωνρ
848 3510 873 3550 π
892 3477 1098 3550 οσόάλλειν’
1061 3479 1185 3573 ,επέμψ
1188 3509 1259 3550 ατο.
1274 3472 1381 3577 Ᾰρίλει

309 3595 482 3685 ἐρρωμένως
503 3589 679 3682 ἀμφότεροι
693 3591 896 3680 ἐμαχέσαντο·
920 3615 976 3682 περ
979 3617 990 3654 ι
977 3582 1044 3656 δὲ
1061 3534 1168 3662 δείλην
1183 3586 1297 3678 ὀψίαν,
1311 3595 1383 3657 πολι
1479 3590 1480 3599 ’

308 3705 371 3766 λῶν
390 3696 603 3791 ἀμφοτέρωθεν
623 3695 817 3788 τρωθέντων,
831 3702 847 3763 6
861 3685 1028 3789 Ᾰριόόιςος
1041 3698 1080 3764 τὸ
1096 3700 1209 3762 ἑαυτοῦ
1224 3695 1379 3786 ςροίτευμα

308 3805 498 3894 ἀνεκάλεσεν.
513 3805 567 3891 Τῷ
580 3796 615 3870 66
626 3800 761 3894 Καίσαρι
775 3802 847 3880 τοὺς
861 3801 1077 3896 αἰχμαλώτοις
1089 3801 1293 3894 ἐρωτηθέντι,
1307 3801 1378 3876 τίνος

308 3915 394 3979 ἕνεκα
408 3917 423 3977 6
440 3902 604 4004 ΙᾸριόόιςος
619 3913 654 3976 οὐ
675 3904 848 4003 σνμόοίλλοι
862 3910 900 3976 τὸ
916 3908 1094 4003 ςράτευμα,
1109 3908 1197 3975 αὐτοὶ
1211 3901 1270 3982 τὴν
1286 3905 1377 3976 αἰτίαν

307 4022 421 4086 τούτου
439 4013 525 4102 ἐἷναι
546 4017 673 4108 έρασαν’
692 4020 741 4084 ότι
757 4017 795 4112 ’,οἱ
813 4015 964 4109 Γερμανοὶ
981 4013 1039 4093 τὰς
1061 4009 1225 4108 πρεσόείας
1240 4023 1377 4109 γυναῖκας

307 4129 442 4218 ἐρωτᾷν,
462 4125 592 4222 πότερον
615 4122 717 4216 μοίχην
730 4129 901 4218 ,συνάπτειν
920 4117 1043 4191 όέλτιον
1062 4119 1158 4207 εἴη,ἢ
1177 4120 1258 4214 οὐχί·
1278 4131 1327 4188 νῦν
1345 4109 1376 4183 δὲ
