3000 5025
296 464 349 551 64
508 458 724 537 J.;GELs1
753 458 1160 527 COMMENTARII

224 656 231 663 ,
296 595 457 693 greditur.
481 596 564 663 Erat
588 606 700 661 autem
722 588 822 685 longe
851 588 916 659 alia
939 613 1040 683 quam
1071 590 1264 659 crederetur
1290 592 1378 661 ratio

251 701 252 704 ¹
299 703 386 773 belli.
409 701 589 770 Audientes
608 699 708 767 etiam
730 698 891 765 maximas
908 696 1248 789 atque‘creberrinias
1268 698 1378 766 victo·

299 813 366 881 rias
387 811 637 893 Romanorum,
659 830 727 873 non
748 804 849 873 armis
870 802 929 871 sed
947 801 1082 871 latebris
1103 802 1321 872 decreverant
1342 828 1380 873 se

300 917 396 987 tueri.
419 917 536 1007 Itaque
558 936 618 981 sua
638 912 750 982 omnia
770 912 805 977 in
823 908 999 1004 paludbus
1011 933 1051 979 ac
1065 908 1153 978 silvis
1166 909 1380 1009 abdiderant,

295 1024 394 1119 juxta
409 1045 497 1114 'quas
519 1018 600 1089 dum
622 1034 732 1088 castra
752 1017 916 1090 exercitus
942 1039 1100 1085 romanus
1127 1014 1310 1105 attolleret,
1331 1016 1381 1085 illi

301 1130 411 1199 subito
431 1129 524 1221 quasi
545 1126 588 1195 ab
608 1124 722 1195 inferis
740 1137 968 1217 emergentes,
985 1121 1110 1193 effirsos
1127 1137 1226 1216 atque
1245 1125 1281 1191 in
1302 1148 1381 1218 ope

268 1229 272 1240 ¹
301 1236 393 1305 ribus
416 1234 591 1329 impeditos
612 1232 749 1301 diversis
771 1231 834 1299 viis
853 1229 1058 1323 dissonisque
1075 1228 1276 1299 clamoribus
1289 1231 1382 1300 inva-
1476 1234 1480 1239 ’

301 1342 397 1411 dunt.
423 1341 567 1409 Romani
583 1340 724 1433 impigre
737 1344 838 1431 opere
851 1337 1058 1423 intermisso,
1072 1335 1380 1431 etarreptis'armis

300 1450 335 1518 in
357 1446 430 1517 illos
450 1448 613 1541 impetum
635 1445 759 1533 fecere,
780 1468 903 1537 eosque
925 1445 959 1511 in
981 1442 1080 1513 silvas
1097 1442 1272 1537 redegere,
1295 1468 1381 1539 pau-
1474 1466 1477 1476 ·

210 1619 213 1627 .
297 1557 349 1625 cis
371 1556 458 1623 inter
484 1578 602 1647 vepres
627 1552 781 1646 perditis,
813 1548 925 1618 multis
952 1550 1098 1619 hostium
1119 1550 1310 1619 interfectis.
1333 1552 1381 1619 Et

300 1677 383 1731 tunc
397 1663 511 1730 Caesar
523 1659 666 1729 silvestri
682 1658 829 1729 materiae
850 1655 1032 1743 caedenda,
1051 1671 1086 1725 et
1102 1657 1139 1723 in
1157 1682 1285 1725 morem
1299 1656 1381 1725 valli
1488 1706 1490 1743 r

299 1768 343 1837 ad
357 1766 494 1837 tutelam
505 1791 644 1837 suorum
652 1762 945 1835 circumducendae
960 1787 1097 1858 operam
1108 1762 1279 1851 dabat,'ne
1292 1762 1382 1835 clan-

299 1875 436 1944 destinis
453 1872 682 1968 eruptionibus
701 1885 952 1965 premerentur:
967 1870 1025 1939 sed
1039 1870 1109 1963 jam
1126 1870 1233 1939 hiems
1247 1870 1380 1961 aderat,

298 2006 340 2051 ae
355 1980 544 2074 ingentibus
557 2004 596 2047 ac
607 1979 777 2073 perpetuis
790 1977 952 2046 imbribus
963 1976 1123 2070 impedita
1133 2002 1186 2047 res
1196 1992 1262 2064 est,
1273 1979 1382 2047 vetiti·
1487 2030 1490 2070 ,

299 2113 365 2181 que
393 2086 513 2157 milites
539 2086 601 2155 sub
627 2084 768 2179 pellibus
793 2108 902 2178 agere.
928 2085 1047 2152 Victor
1071 2107 1154 2177 ergo
1181 2083 1379 2171 bominum,
1487 2138 1490 2175 ,

300 2193 358 2263 sed
380 2207 507 2261 naturae
530 2192 668 2279 cedens,
686 2191 827 2259 incensis
850 2214 889 2258 ac
911 2191 1047 2259 vastatis
1068 2188 1191 2259 linibus
1213 2190 1379 2279 hostium,
1489 2261 1490 2272 ,

299 2325 378 2369 cum
390 2301 535 2369 exercitu
547 2300 581 2367 in
594 2298 756 2367 Aulercos
765 2295 1192 2389 Lexoviosqueinhibema
1202 2300 1377 2367 concessit.
1485 2350 1490 2395 ,

353 2409 414 2475 His
426 2404 906 2499 temp01·ibuS,Germanorum
918 2402 1025 2471 turbae
1038 2403 1188 2497 ingentes
1203 2404 1377 2493 Rhenum,

299 2528 392 2582 metu
407 2510 568 2607 pellente,
581 2511 806 2604 trajecerunt,
822 2508 914 2578 fessae
930 2507 1023 2580 bellis
1041 2508 1179 2580 assiduis
1195 2514 1376 2606 atqucim·
1486 2595 1488 2607 γ

299 2619 559 2716 portunitatibus
587 2633 621 2686 et
642 2617 769 2711 injuriis
788 2618 993 2704 Suevorurn,
1015 2606 1088 2710 quae
1111 2642 1191 2711 gens
1213 2621 1376 2706 maxima,
1486 2677 1488 2711 ,

296 2725 450 2820 belloque
466 2725 860 2821 potentissimaomnium
876 2725 1123 2793 Germanorum
1133 2738 1172 2792 et
1182 2723 1261 2794 olim
1275 2724 1376 2797 fuisse
1486 2786 1488 2795 ,

299 2832 434 2928 legitur,
457 2847 491 2901 et
511 2858 601 2900 nune
619 2857 692 2900 esse
712 2831 858 2900 dicitur:
880 2856 1024 2924 quorum
1046 2845 1080 2898 et
1100 2831 1249 2901 moribus
1269 2832 1377 2902 mrdta

298 2939 432 3034 quidem
451 2963 474 3006 a
491 2938 712 3034 scriptoribus
734 2962 847 3005 rerum
868 2952 1071 3006 memorata:
1094 2953 1255 3031 praterea
1270 2965 1376 3033 quum
1487 3002 1488 3037 3

298 3045 389 3140 apud
409 3070 466 3140 eos
488 3060 522 3113 et
547 3045 641 3140 apud,
658 3069 775 3112 omnes
796 3043 865 3112 fere
886 3044 1039 3113 homines
1059 3045 1180 3112 mutati
1201 3052 1375 3114 suntme·
1487 3110 1488 3117 ,

298 3178 367 3239 res,
389 3176 528 3246 quaeque
545 3153 754 3245 jacturarum
781 3151 924 3244 pessima
949 3165 1020 3238 est,
1046 3175 1151 3244 prope
1182 3177 1314 3246 semper
1339 3156 1376 3223 in

297 3259 459 3347 deterius,
481 3259 618 3347 horum,
637 3273 676 3327 ut
694 3256 809 3326 sileam
825 3255 984 3349 reliquos,
1001 3255 1094 3325 illum
1114 3256 1229 3328 saltem
1243 3285 1376 3354 morem

298 3366 395 3435 video
414 3380 589 3434 mutatum.
600 3368 737 3458 Nempe
752 3365 868 3430 vinum
884 3376 981 3442 aetate
1001 3366 1019 3432 J
1022 3362 1079 3435 ulii
1100 3365 1240 3433 Caesaris
1256 3366 1376 3435 abhoc

298 3473 432 3560 rebant,
454 3472 543 3566 quod
564 3497 672 3558 nunc,
696 3472 732 3538 ni
751 3468 865 3556 fallor,
888 3463 957 3537 non
978 3470 1169 3540 abhorrent.
1193 3474 1238 3542 Hi
1258 3474 1374 3542 vicini

297 3581 373 3648 tatis
395 3594 493 3672 atque
512 3578 726 3646 humanitatis
746 3577 973 3669 impatientes,
995 3584 1110 3646 omnes
1134 3576 1291 3648 finitimos
1312 3599 1374 3674 pos

297 3685 409 3781 pulos,
433 3699 491 3754 aut
512 3683 702 3774 tributarios
725 3682 787 3750 sibi
807 3681 1003 3770 effecerant,
1030 3699 1089 3752 aut
1109 3702 1250 3778 prorsus
1268 3711 1374 3781 expu-

297 3791 413 3862 lerant.
435 3795 567 3886 Itaque,
590 3791 756 3858 adunam
779 3804 908 3883 partem
931 3790 1048 3859 linium
1067 3791 1253 3860 Suevorum
1273 3791 1374 3864 irrisae

296 3890 437 3968 traditur
451 3900 566 3992 ingens
588 3911 686 3990 atque
706 3895 908 3965 incredibilis
923 3884 1084 3985 solitudo,
1097 3897 1204 3992 idque.
1213 3899 1281 3968 sibi
1291 3909 1374 3971 turio

296 4031 425 4100 magnae
444 4005 555 4100 gloriae
577 4003 797 4072 ascribebant.
821 4005 921 4072 Nune
940 4006 1039 4074 etiam
1066 4024 1127 4098 per
1150 4005 1374 4077 eorum'lr'nes

294 4128 330 4200 et
352 4124 512 4206 suspectae
530 4109 642 4182 multis
663 4112 698 4205 in
718 4109 799 4180 locis
822 4109 1032 4197 solitudines,
1051 4126 1219 4213 expertus,
1232 4111 1374 4208 loquor,
1424 4160 1429 4167 -
