3000 5025
306 490 376 559 ns
400 468 538 559 utra
565 488 711 555 suun
739 486 980 558 casinis.
1107 507 1177 560 201

124 624 213 713 dedit,
231 626 287 719 qui
314 623 406 693 dicto
430 622 582 691 citius·in
602 620 727 690 effusos
746 621 838 691 facto
857 624 999 717 impetu,
1013 646 1092 692 vere
1111 622 1185 693 illos

122 732 314 815 effirderunt,
336 744 369 800 et
392 744 522 798 vertere
544 742 638 823 terga
663 743 854 823 coegerunt.
879 732 1000 799 Secuta
1020 745 1071 800 est
1091 732 1184 826 equi·

37 908 38 931 ,
121 851 213 907 tatum
240 840 291 907 vis
321 836 553 906 ardentissima
584 834 774 930 legionum,
794 836 879 905 adeo
912 836 1128 933 conglobata,
1146 851 1187 907 ut

37 972 39 1013 t
121 948 200 1039 quasi
220 968 288 1013 una
311 968 430 1013 manus
449 945 600 1013 omnium
622 942 813 1012 videretur:
828 945 877 1013 sic
897 968 1013 1013 omnes
1035 943 1132 1013 simul
1151 956 1186 1012 et

36 1052 39 1075 ⁹
121 1050 204 1120 scrire
225 1076 381 1121 cerneres
405 1063 439 1120 et
465 1074 605 1145 urgere,
624 1064 666 1119 ut
687 1052 841 1121 sustineri
866 1051 972 1119 virtus
1000 1065 1070 1120 tam
1091 1052 1186 1121 unita

36 1210 38 1219 ,
119 1183 175 1226 non
188 1174 301 1254 posset
314 1184 322 1227 z
337 1159 476 1227 accessit
488 1170 521 1225 et
537 1156 619 1227 levis
633 1156 747 1252 fragor
761 1160 801 1227 ac
816 1160 972 1253 strepitus
986 1171 1185 1245 armaturas,

118 1269 217 1361 magni
240 1265 384 1359 denique
403 1266 508 1334 instar
525 1266 700 1333 exercitus.
719 1266 834 1334 Caesar
853 1267 942 1360 ipse,
956 1264 1082 1358 ubique
1100 1288 1184 1358 prae·
1289 1258 1294 1267 ’

119 1396 199 1457 sens3
217 1387 399 1466 utrumque
428 1369 524 1449 simul
553 1370 727 1460 exhibens,
747 1386 781 1440 et
809 1371 979 1441 fortissimi
1002 1369 1132 1458 militis,
1151 1382 1186 1438 et

119 1482 228 1550 summi
254 1479 350 1547 ducis
368 1477 535 1562 officium,
554 1492 589 1546 et
606 1478 746 1562 feriens3
768 1492 803 1547 et
822 1479 1012 1548 exhortans.
1036 1481 1122 1546 Duae
1143 1500 1186 1544 ex

118 1587 262 1655 omnibus
277 1583 363 1654 illius
381 1610 441 1680 per
458 1587 570 1654 omnia
587 1584 818 1672 discurrentis,
835 1600 935 1679 atque
956 1585 1112 1653 omnibus
1125 1609 1183 1653 oc·

117 1695 286 1781 currentis,
305 1716 406 1761 voces
430 1692 613 1779 adnotata,
633 1694 867 1785 memoriaeque
895 1689 1060 1760 mandatae
1085 1706 1184 1760 sunt:

34 1850 36 1889 ,
118 1798 201 1869 lerox
215 1799 337 1887 altera,
352 1798 411 1867 sed
425 1798 465 1867 ad
478 1798 681 1869 vincendum
697 1796 807 1867 utilis:
822 1798 1186 1891 males,foczemsen'.·

117 1904 336 1975 alternantem
351 1907 426 2000 pia,
447 1904 581 1975 licetad
596 1905 813 1998 jactationem
835 1908 1055 2001 compositam
1069 1903 1187 1975 Florus

117 2010 213 2101 dieat,
228 2014 341 2099 mr'les,
349 2023 463 2108 parce
480 2011 562 2104 jam
587 2011 714 2082 civibus
729 2037 740 2079 .·
756 2011 811 2080 illa
833 2014 922 2081 enim
944 2014 1079 2081 vincere
1101 2026 1187 2081 sata·

116 2123 227 2213 gentis,
237 2118 311 2189 haec'
319 2120 482 2189 vincentis
496 2144 555 2187 seu
563 2121 633 2212 jam
642 2120 779 2209 victoris
790 2133 825 2187 et
833 2120 1020 2210 miserantis
1030 2144 1098 2187 vox
1110 2119 1190 2203 firit3

115 2223 162 2294 illa
175 2228 209 2295 in
223 2225 334 2295 medio
346 2224 451 2320 praelii
462 2225 597 2311 ardore,
610 2225 675 2293 hac
683 2226 754 2319 jam
765 2227 862 2295 victis
870 2240 905 2294 et
915 2228 950 2295 in
963 2225 1077 2320 fugam
1085 2227 1190 2295 versis

116 2330 259 2403 hostibus
274 2358 356 2403 usus
377 2347 427 2400 est
444 2331 526 2401 :illae
541 2333 641 2400 etiam
660 2332 724 2426 pia·
741 2334 819 2401 voci
836 2346 1191 2416 consentaneusactus

33 2442 35 2461 *
116 2438 190 2532 luit,
207 2440 299 2536 quod
322 2438 457 2508 cuilibet
474 2464 630 2527 suorum,
646 2440 704 2506 uni
724 2438 893 2528 hostium,
911 2464 1012 2534 quem
1029 2453 1190 2536 optasset,

114 2549 207 2616 vitam
224 2548 306 2618 dare
318 2547 487 2642 permisit:
499 2571 560 2614 nec
577 2548 686 2614 minus
698 2544 770 2632 ille,
780 2545 871 2638 quod
882 2549 917 2616 in
927 2561 1021 2616 tanto
1031 2547 1190 2618 conflictu

115 2653 216 2725 nullus
242 2657 411 2723 inventus*
424 2667 474 2722 est
496 2655 557 2721 nisi
580 2665 728 2720 armatus
750 2654 785 2719 in
811 2655 882 2721 acie
904 2653 1070 2722 cecidisse.
1091 2656 1191 2722 Pom·

32 2761 34 2814 i
114 2763 198 2853 peius
217 2761 373 2830 turbatus
391 2783 430 2829 ac
451 2761 586 2829 territus
603 2783 741 2828 suorum
761 2756 952 2844 ordinibus,
970 2772 1070 2827 tantae
1085 2761 1190 2830 ruinae

114 2867 228 2938 molem
250 2892 314 2936 nec
333 2865 474 2936 sufferre
495 2864 694 2934 valensnec
721 2863 893 2952 attollere,
914 2865 1035 2957 abjecit
1059 2865 1191 2959 pondus

32 3037 34 3048 ,
115 2973 253 3070 imperii,
274 2995 375 3068 seque
404 2971 492 3067 fugae
517 2971 673 3060 tradidit,
695 2995 764 3039 non
789 2986 859 3040 tam
889 2975 1001 3040 vivere
1029 2974 1188 3066 cupiens,

32 3073 34 3142 Ῐ
115 3104 204 3174 quarn
218 3096 373 3151 metuens
391 3081 493 3167 mori,
512 3103 555 3146 ne
573 3103 686 3148 secum
700 3092 790 3146 totus
805 3080 972 3148 exercitus
990 3092 1186 3149 moreretur.

113 3187 184 3276 Quo
203 3188 381 3272 submoto,
399 3209 499 3254 nemo
514 3183 655 3280 amplius
672 3186 707 3253 in
730 3187 801 3254 acie
821 3187 932 3254 stetit:
946 3185 1187 3256 documentum

113 3294 241 3388 ingens,
260 3319 330 3364 non
358 3317 489 3387 semper
513 3291 664 3387 praelium
692 3315 764 3360 esse
785 3293 962 3362 victoriam
978 3318 986 3360 ε
1005 3317 1130 3387 quum
1147 3307 1186 3362 ut

32 3455 34 3476 t
115 3402 194 3496 apud
208 3402 387 3497 scriptores
402 3413 548 3487 constat,
562 3397 607 3466 nil
621 3399 782 3494 Pompeio
796 3384 920 3494 magno
930 3423 1031 3493 quam
1046 3423 1184 3468 suorum

115 3511 259 3579 nocuerit
269 3506 449 3578 multitudo
463 3529 553 3604 :non
569 3507 679 3575 minus
692 3521 822 3592 tamen,
834 3506 1119 3594 arbitror,nocuit
1133 3507 1183 3572 in·

116 3612 232 3708 digesta
246 3616 404 3702 varietas,
414 3637 488 3708 quae
499 3637 559 3707 per
572 3637 678 3682 unum
691 3613 825 3682 fraenari
838 3627 872 3681 et
884 3614 955 3708 regi
969 3610 1060 3680 nulla
1073 3613 1183 3706 potuit

115 3724 253 3791 ratione:
269 3722 341 3792 haec
360 3718 612 3790 Thessalianicae
629 3743 751 3814 pugnae
772 3718 848 3788 finis
868 3719 950 3806 brit,
970 3733 1009 3787 ut
1026 3720 1126 3788 etiam
1147 3732 1182 3786 et

115 3825 274 3924 Pompeii,
295 3852 339 3896 ne
365 3829 400 3896 in
428 3852 525 3898 suum
546 3825 690 3897 dedecus
709 3851 835 3920 paucos
855 3829 933 3895 uitae
957 3824 1028 3894 dies
1049 3839 1180 3919 ageret,

114 3928 304 4030 longamque
325 3933 466 4030 gloriam
486 3933 580 4002 brevi
601 3936 709 4028 spatio
732 3933 966 4002 dehonestaret
984 3946 1086 4025 atque
1106 3931 1178 4026 pol·

114 4034 230 4112 lucret:
246 4041 304 4112 sed
318 4043 364 4110 sic
377 4055 551 4112 transeunt
564 4065 617 4110 res
629 4041 785 4109 humanae
797 4065 805 4108 ε
818 4038 867 4107 nil
883 4055 953 4109 tam
968 4038 1072 4107 altum
1088 4038 1179 4133 quod

115 4167 177 4216 non
192 4151 298 4245 possit
315 4148 477 4248 deprimi:
493 4147 538 4218 nil
553 4162 622 4218 tam
640 4145 769 4218 clarum
786 4145 877 4244 quod
893 4171 963 4217 non
980 4142 1089 4216 valcat
1100 4146 1176 4216 obs·
