3000 5025
339 448 415 545 478
634 453 672 520 C.
701 452 848 520 JULII
876 453 1113 522 cAESARls

336 583 445 650 λοιπὸν
465 592 522 648 τοῦ
540 585 756 676 ςρατειίματος
776 583 937 674 ἐφέπεσθαι
957 587 1143 678 ἡγούμενος,
1164 592 1261 651 τοῦτο
1281 583 1331 674 μὲν
1355 578 1405 647 οὐκ

339 690 388 765 ἕςι
410 690 547 779 φανερόν·
563 693 696 782 κάρυκας
709 701 783 784 γοῦν
797 689 935 757 πάντοσε
956 689 995 769 εἰς
1009 692 1082 769 τοὺς
1103 690 1215 785 ἀγροὺς
1234 680 1404 779 διαπεμψά-

340 821 448 888 μενος,
461 805 516 873 τῆς
538 801 649 864 ἑαυτοῦ
669 797 822 892 σωτηρίας
841 796 983 888 πρόνοιαν
1001 801 1112 874 ἔκαςον
1126 795 1277 864 ποιεῖσθαι
1293 799 1405 887 παροίχ-

338 907 445 996 γειλεν·
462 897 501 966 ὧν
518 903 607 994 μέρος
620 903 742 996 μὲν,είς
758 906 811 971 τὸν
823 892 1009 996 Ᾰρθουίννον
1026 896 1152 996 θρυμόν·
1169 905 1259 996 μίρος
1271 893 1301 968 θ’
1317 901 1354 979 εἰς
1367 897 1405 967 τὰ

338 1005 467 1076 πλησίον
485 1009 538 1082 ἔλη
553 1011 733 1103 κατέφυγεν·
747 1011 775 1076 οἱ
787 1001 822 1076 δὲ
837 1021 882 1097 τῷ
892 995 1020 1098 Ὠκεανῷ
1032 1013 1133 1077 αὐτῶν
1149 1012 1350 1102 πλησιώτεροι
1363 1007 1406 1074 οἰ-

339 1125 473 1197 κοῦντες,
482 1113 522 1192 είς
534 1114 591 1194 τὰς
603 1106 753 1197 νησιθίας,
762 1112 797 1193 ἃς
809 1122 889 1206 φιλεῖ
898 1122 1089 1210 πλημμυρῶν
1099 1122 1116 1183 ό
1127 1101 1265 1194 Ὠκεανὸς
1278 1114 1405 1207 οἱπερχά·

340 1214 457 1303 ζεσθαι,
467 1211 665 1296 διεσώθησαν·
681 1221 792 1289 πολλοὶ
807 1214 843 1288 θὲ
865 1223 916 1289 καὶ
928 1226 964 1290 ἐκ
979 1233 1037 1300 τῆς
1050 1234 1134 1315 σφῶν
1153 1217 1285 1300 ἐξιόντες
1298 1224 1406 1312 χώρας,

339 1332 417 1417 σφοῖς
428 1326 454 1392 θ’
463 1327 649 1411 αὐτοὺς,καὶ
658 1326 764 1396 πάντα
773 1317 1239 1423 τὰχριόματααλλοτριωτίίτοις
1249 1327 1406 1421 ἀνθρώποις

339 1432 512 1512 ἐπίςευσαν.
522 1419 551 1500 (λ
560 1426 595 1502 θὲ
605 1445 661 1513 τῆς
672 1443 732 1502 τῶν
743 1421 922 1527 Εόουρόνων
931 1437 1072 1529 ἡμισείας
1082 1439 1184 1528 χώρας
1196 1430 1337 1511 όασιλεὺς
1349 1436 1407 1498 Κα·

338 1535 516 1624 τίθουλκος,
529 1539 561 1618 ὃς
576 1542 642 1632 άμα
656 1549 701 1627 τῷ
711 1529 886 1636 Ᾰμόιόρυχι
899 1538 983 1609 κατὰ
997 1551 1058 1609 τῶν
1067 1527 1218 1635 Ῥωμαίων
1231 1541 1404 1633 συνωμόκει,

338 1647 398 1714 ὑπὸ
407 1657 465 1714 τοῦ
473 1649 573 1740 γέρως
583 1647 722 1740 κάμνων,
733 1648 785 1714 καὶ
799 1652 879 1741 μήτε
895 1650 947 1715 τὸν
961 1659 1018 1716 τοῦ
1031 1651 1182 1741 πολέμου,
1195 1652 1276 1738 μάτε
1289 1649 1342 1714 τὸν
1355 1656 1402 1722 τῆς

338 1763 437 1845 φυγῆς
451 1752 544 1834 πόνον
561 1755 658 1848 φέρειν
679 1745 865 1846 θυνάμενος,
878 1755 993 1833 πάσαις
1008 1757 1062 1847 μὲν
1076 1764 1133 1822 τοῦ
1148 1743 1341 1848 Ᾰμόιόρυχος
1353 1779 1402 1818 κα-

338 1860 497 1952 τηράσατο
523 1867 694 1952 κατάραις,
718 1866 758 1938 ὡς
778 1872 834 1928 τοῦ
853 1861 1038 1955 πράγματος
1057 1864 1170 1928 τούτου
1197 1861 1298 1927 αἰτίου
1320 1861 1404 1924 αὐτοῦ

340 1967 518 2060 γενομένου,
537 1965 588 2033 καὶ
613 1967 722 2034 ἑαυτὸν
744 1961 847 2054 ταξῷς
864 1975 952 2057 φυτῷ
970 1969 999 2034 ἔν
1019 1993 1055 2034 τε
1073 1979 1113 2062 τῇ
1134 1965 1297 2057 Γαλατίᾳ,
1312 1963 1361 2032 καὶ
1377 1966 1402 2028 ἔν

338 2083 378 2147 τῆ
398 2071 552 2165 Γερμανίᾳ
570 2071 707 2164 ἀφθόνως
722 2075 881 2165 φυομένῳ,
900 2057 1087 2142 ἀπέκτεινεν.

392 2181 535 2246 XXXII.
554 2165 597 2244 Ev
615 2181 719 2265 τούτῳ
738 2171 767 2244 θ’
783 2180 811 2245 οἱ
829 2182 953 2274 Σέγνοι,
969 2180 1021 2246 καὶ
1040 2181 1069 2246 οἱ
1086 2172 1296 2274 Κονθροῢσοι,
1312 2173 1402 2270 (sep-

328 2284 429 2377 ’μανοὶ
445 2277 475 2352 θ’
491 2283 562 2351 εἰσὶν
582 2282 668 2352 οὗτοι
686 2287 724 2352 τὸ
739 2284 839 2368 ἔθνος,
850 2286 902 2352 καὶ
916 2280 1032 2378 μεταξὺ
1047 2295 1109 2353 τῶν
1127 2284 1281 2379 Τρευίρων
1295 2311 1346 2368 τε,
1359 2282 1402 2350 καὶ

337 2401 399 2458 τῶν
419 2378 599 2484 Εόουρόνων
621 2379 761 2482 οἰκοῦσι)
778 2386 918 2484 πρέσόεις
940 2391 1026 2485 παρὰ
1044 2395 1098 2460 τὸν
1126 2392 1272 2485 Καίσαρα
1290 2386 1402 2482 πεμψά-

338 2524 441 2590 μενοι,
457 2489 580 2566 ἔθέοντο
602 2501 715 2583 αὐτοῦ,
733 2499 873 2628 μὴμφάς
896 2498 1050 2591 πολεμίων
1067 2501 1122 2594 ἔχῃ
1142 2503 1239 2593 χώρᾳ·
1264 2502 1321 2566 οὐκ
1337 2503 1402 2590 ὁμο·

337 2610 499 2699 γνωμονεῖν
527 2602 658 2700 μὲνγὰρ
683 2611 755 2683 τοὺς
778 2605 943 2698 επιθάτερα
968 2608 1140 2699 Γερμανοὺς
1163 2612 1229 2683 τοῖς
1255 2608 1402 2686 ἐπέκεινα,

334 2714 409 2780 οὔτε
421 2717 499 2802 σφᾶς
515 2710 583 2805 περὶ
596 2722 654 2778 τοῦ
671 2714 808 2804 πολέμου
821 2709 905 2778 κατὰ
922 2718 984 2777 τῶν
1003 2697 1154 2805 Ῥωμαίων
1173 2708 1401 2791 όουλεόσασθαι,

338 2820 389 2886 καὶ
414 2808 567 2910 μηδεμίαν
588 2826 634 2905 τῷ
657 2807 832 2911 Ᾰμθιόρυγι
858 2812 980 2911 πέμψαι
1000 2813 1150 2893 όοηθειαν.
1170 2803 1252 2885 Οθὲ
1270 2820 1401 2909 Καῖσαρ,

339 2923 388 3003 οὓς
411 2920 471 3016 εἶχε
491 2926 564 3016 παρ’
584 2928 684 3010 ἑαυτῷ
704 2933 766 2992 τῶν
785 2910 964 3018 Εώουρόνων
984 2924 1218 3017 αἰχμαλώτους,
1230 2928 1320 2992 τοῦτ’
1339 2927 1402 3017 ἔρω·

337 3035 456 3117 τόσας,
476 3030 527 3100 καὶ
546 3030 643 3106 ἀληθῆ
666 3031 743 3097 όντα
760 3034 813 3098 ὑπ’
832 3034 933 3098 αὐτῶν
951 3031 1159 3123 καταμαθὼν,
1177 3040 1241 3108 τοῖς
1264 3032 1319 3124 μὲν
1338 3034 1402 3121 Γερ·

339 3145 462 3229 μανυῒς,
485 3135 513 3201 εί
529 3162 615 3215 τινας
643 3134 728 3229 παρὰ
746 3136 848 3227 σφίσιν
872 3139 967 3229 ἔχοιεν
987 3123 1179 3230 Εόουρόνας,
1202 3139 1282 3232 πρὸς
1305 3138 1402 3205 ἑαυτὸν

310 3296 312 3299 -
338 3244 467 3320 τούτους
496 3248 535 3320 ὡς
562 3243 679 3335 τάχος-α
703 3238 786 3337 άγειν
814 3244 978 3309 ἐκέλευσεν·
1005 3245 1099 3321 αὐτὸς
1127 3235 1163 3309 θὲ
1188 3246 1226 3311 τὸ
1251 3245 1403 3338 ςράτευμα

338 3358 431 3443 τριχῇ
461 3348 684 3442 ποιησάμενος,
702 3348 742 3427 εἰς
771 3351 828 3422 τὴν
859 3351 1019 3441 Βαροιίταν
1044 3344 1203 3443 ίφροόριον
1234 3342 1267 3417 θ’
1295 3351 1402 3428 ἔςὶνέν

339 3459 416 3551 μέσῃ
435 3446 546 3547 σχεδὸν
565 3465 606 3549 τῇ
627 3464 688 3522 τῶν
712 3442 892 3547 Εόουρόνων
917 3455 1050 3548 κείμενον
1069 3458 1174 3549 χώρᾳ,
1188 3457 1228 3535 είς
1248 3457 1265 3525 ὃ
1284 3457 1400 3549 πρόσθεν

337 3568 356 3631 ό
365 3614 375 3647 ,
393 3588 426 3629 τε
446 3564 622 3654 Τιτοόριος,
642 3563 724 3628 καὶὸ
744 3562 891 3643 Κόττας,
905 3555 1058 3654 χειμάζειν
1073 3567 1176 3646 ἕνεκα,
1194 3555 1399 3648 ἠληλόθεσαν)

338 3668 379 3736 τὰ
404 3668 529 3735 πάντων
554 3676 617 3734 τῶν
639 3666 809 3762 ταγμάτων
837 3668 984 3735 κατέθετο
1009 3671 1189 3763 σκευοφόρα.
1209 3672 1332 3739 Τοῦτον
1356 3670 1399 3761 μὲν

337 3776 392 3844 τὸν
407 3775 504 3842 τόπον
519 3765 560 3839 δι’
574 3770 655 3841 άλλα
674 3800 708 3841 τε
726 3772 846 3857 πολλὰ,
862 3773 915 3840 καὶ
932 3766 985 3841 θεὰ
1005 3786 1101 3843 τοῦτο
1120 3776 1241 3866 μάλιςα
1258 3783 1276 3843 ό
1291 3780 1398 3863 Καῖσαρ
1474 3827 1475 3862 7

339 3876 465 3965 ἐξεῖλεν,
483 3884 533 3948 ότι
556 3880 587 3947 οιὶ
610 3887 656 3968 τῷ
673 3881 802 3973 πρόσθεν
825 3882 887 3946 ἔτει
909 3883 968 3948 ὑπὸ
987 3892 1044 3949 τοῦ
1062 3876 1193 3949 Σαόίνου
1209 3885 1399 3975 πεποιημένα

338 3992 520 4081 ὀχυρώσεις,
538 3989 697 4083 άκέραιαι,
716 3989 763 4054 ἔτι
784 3977 1055 4079 θιαμεμενηκυῖαι,
1073 3998 1127 4055 τὸν
1148 3998 1210 4055 τῶν
1228 3995 1398 4082 ςρατιωτών

339 4087 531 4186 ἔπεκοόφιζον
558 4095 661 4163 πόνον·
691 4101 813 4187 φυλακῇ
843 4085 879 4159 θὲ
905 4102 967 4160 τῶν
993 4096 1184 4187 σκευοφόρων
1203 4098 1241 4164 τὸ
1260 4100 1396 4188 τέταρτον
