3000 5025
951 258 956 286 A

275 461 580 537 INTERPRES
608 466 840 536 GRAECUS.
869 468 964 537 LIB.
992 469 1019 537 Ι.
1109 462 1183 564 347

122 587 272 667 δονεύσων·
293 602 344 668 καὶ
364 592 418 667 διὰ
435 603 552 674 ταύτην
569 603 626 675 τήν
642 600 742 669 αἰτίαν
758 603 804 691 ἐρ’
819 604 889 668 ὅσον
906 593 1074 686 ἠδυνήθην,
1088 613 1184 671 τοῦτο
1227 623 1230 628 ’

121 708 278 781 ἐσιώπησα.
294 706 455 785 AAAA*
422 733 475 799 μεν
491 710 588 785 οὕτως
602 702 694 775 εἶπεν.

168 816 293 883 XVIII.
309 799 339 880 Ο
365 806 400 881 δὲ
422 815 543 906 Καῖσαρ
565 815 668 900 τούτῳ
686 818 733 900 τῷ
751 813 864 881 ἐκείνου
880 816 992 908 λύγῳ
981 816 1185 907 υποσηριαύνε·

119 920 232 987 σθαι
201 946 253 987 τον
275 930 332 987 τοῦ
350 914 529 988 Διύιτιακοῢ
554 878 686 1011 ἀδελφθν
705 923 903 1017 Δουρινύρυγα
927 924 1184 1015 τεκμαιρόμενος,

117 1036 203 1094 τοῦτο
222 1017 288 1091 δ’
276 1026 411 1094 εναντίον
427 1033 550 1115 πολλῶν
573 1017 801 1121 διασπείρεσθαι
819 1032 861 1120 AA
882 1030 1084 1119 βουλόμενος,
1101 1028 1184 1107 ἐυθθς

117 1133 167 1223 μὲν
184 1124 303 1199 διέλυσε
318 1133 413 1205 τίν’
394 1132 519 1259 αγοροὶν.
542 1134 603 1200 Τὸν
625 1124 661 1201 δὲ
679 1053 793 1202 Λρίσκον
811 1137 995 1225 κατασχὼν,
1011 1136 1104 1227 ἤρετο
1129 1135 1184 1225 AAA

116 1239 201 1305 αὐτὸν
214 1238 298 1307 κατὰ
312 1240 432 1331 μόνας,
437 1238 462 1305 εἰ
477 1236 520 1305 τὰ
534 1240 587 1305 ὑπ’
601 1243 696 1307 αὐτοῦ
711 1244 740 1306 ἐν
756 1266 795 1334 AA
780 1240 978 1330 εανιληοια
967 1267 1001 1332 ρ
983 1240 1097 1314 ηθέντα
1114 1241 1187 1349 αλιι·

116 1342 191 1419 A*
166 1371 219 1418 ειη.
234 1331 264 1412 Ο
279 1335 315 1411 δὲ
301 1346 427 1411 ὲτοῦτο
442 1342 523 1438 μετὰ
538 1343 675 1422 πλείονος
688 1347 764 1414 τότε
778 1314 914 1421 έδηλωσε
927 1346 1108 1441 παρρησίας.
1124 1328 1187 1411 AA-

113 1456 177 1563 λους
195 1442 239 1517 δὲ
251 1478 303 1517 και
291 1452 337 1517 ⁸A
357 1453 478 1543 Καῖσαρ
502 1460 605 1518 ταῦτα
624 1453 763 1582 ἐρωτῶν
786 1453 923 1528 AAAAA”
905 1478 983 1519 οντα
1000 1452 1185 1544 κατέμαθεν·

114 1564 181 1624 εἰναι
195 1560 250 1651 ρὲν
264 1560 319 1626 τὸν
334 1555 568 1650 Δουρινύρυγαθ
572 1560 662 1649 ρασὺν
684 1550 760 1651 ένδρ
763 1586 803 1643 α,
820 1559 873 1627 καὶ
891 1584 928 1625 το
915 1558 1060 1637 πλῆθος
1084 1551 1184 1652 δωροο

113 1655 313 1742 δοκίαιςάνα
315 1664 450 1758 ρτύσασθ
454 1691 506 1747 αι,
532 1656 713 1754 νεωτερίζειν
742 1586 773 1729 δ’
806 1664 1029 1757 ἐπιθυμοῦντα,
1053 1669 1126 1742 τούς
1149 1690 1184 1731 τε

113 1771 215 1863 φόρους
236 1769 360 1849 καὶτὰς
376 1768 487 1850 λοιπθις
504 1780 566 1837 τῶν
583 1689 724 1837 Εδρουέων
744 1763 947 1864 προσύδους’
934 1774 1061 1848 ευιύνους
1078 1768 1183 1837 πολλδι

112 1878 160 1951 ἔτη
126 1878 349 1969 τηέσχιικέναι·
365 1881 460 1945 αὐτοῦ
474 1878 528 1970 μὲν
541 1876 601 2009 γὰρ
618 1875 714 1955 αὐτὰς
729 1880 939 1968 τιμήσαντος,
953 1869 1082 1955 οὐδεὶς’
1064 1902 1185 1945 αντιτι·

112 1990 166 2076 AAA
179 1985 309 2075 AAAAAA.
321 1966 414 2061 Aqe‘
402 2010 437 2051 εκ
446 2010 576 2066 τουτων,
584 1986 711 2075 εφασαν,
721 1984 776 2051 τον
789 1983 834 2048 θ
823 2010 933 2051 εαυτου
918 1977 1119 2062 “AAAAAAAA
1091 2010 1117 2051 ο
1110 2010 1185 2066 κον,

111 2090 272 2158 καὶπολλὰ
283 2092 368 2183 πρὸς
373 2093 494 2168 τούτοις
506 2090 546 2169 εἰς
560 2088 617 2167 τὰς
629 2081 675 2157 δω
678 2082 869 2184 ροδοκίαςχρ
871 2095 980 2183 ιίριατα
992 2083 1186 2166 συνελέξατο·

110 2196 157 2264 καὶ
171 2199 284 2275 ἱππέας
304 2198 357 2290 μὲν
373 2200 505 2275 πολλοὺς
520 2201 553 2264 ἐκ
568 2206 625 2274 τῆς
646 2202 742 2265 αὐτοῦ
761 2196 864 2289 τρέφει
888 2189 1047 2280 δαπάνης,
1069 2197 1122 2264 καὶ
1140 2195 1187 2263 ἀεὶ

110 2307 237 2381 τούτους
251 2303 320 2398 περὶ
334 2304 442 2371 ἑαυτὸν
459 2307 531 2396 ἕχει·
552 2307 585 2369 οὐ
605 2304 696 2396 μόνον
717 2296 747 2369 δ’
765 2303 861 2387 οἶκοι,
879 2303 961 2371 ἀλλὰ
977 2305 1029 2371 καὶ
1042 2311 1188 2387 πλεῖς-ον,

110 2409 192 2503 παρὰ
210 2421 252 2504 τῇ
271 2410 415 2504 ὑπερορίᾳ
437 2402 577 2477 δύναται·
592 2414 654 2487 ὥςε
673 2414 729 2484 τὴν
750 2412 805 2500 μὲν
827 2412 948 2503 μητέρα
961 2413 991 2477 ἐν
1006 2417 1070 2489 τοῖς
1085 2412 1191 2477 Βιτού-

110 2513 180 2610 ριξιν
204 2509 295 2610 ἀνδρὶ
312 2518 528 2609 ἕπιφανεςοίτῳ
554 2543 589 2582 τε
615 2517 666 2584 καὶ
693 2521 758 2585 ἐκεῖ
780 2508 994 2605 δυνατωτάτῳ
1017 2522 1189 2604 συνῴκισεν·

110 2627 199 2702 αὐτὸς
224 2617 255 2691 δ’
274 2627 309 2692 ἐκ
326 2635 383 2702 τῆς
401 2635 464 2691 τῶν
485 2611 649 2697 Ελύητίων
674 2627 777 2718 χώρας
790 2629 920 2717 γυναῖκα
938 2625 979 2708 εἰς
997 2624 1096 2717 γέμον
1115 2626 1191 2754 ἤγα-

108 2757 166 2826 γεν·
187 2757 241 2801 και
229 2731 316 2804 ’τὴν
333 2757 357 2797 π
359 2733 407 2823 ρδς
359 2734 543 2823 ρματρθς
563 2733 658 2796 αὐτου
643 2722 831 2820 ἀδελφὴν,
844 2727 897 2796 καὶ
914 2730 1016 2806 πάσας
1030 2731 1106 2823 πρὸς
1121 2733 1191 2796 τού·

107 2863 169 2916 τοις
192 2836 252 2916 τὰς
275 2839 488 2930 προσηκούσας
508 2835 641 2909 ἄλλην
628 2861 658 2902 εν
688 2833 767 2930 AAAA
787 2837 875 2903 πόλει
899 2829 1054 2914 ἐξέδωκεν
1075 2835 1190 2903 καὶτὰ

109 2946 159 3036 μὲν
179 2955 256 3012 τῶν
253 2929 421 3017 Ελύητίων
436 2951 541 3037 φρονεῖ
553 2968 588 3009 τε
604 2941 657 3009 καὶ
671 2946 775 3020 αὐτοῖς
790 2934 893 3008 AAA⁸
858 2969 914 3016 την
930 2940 1095 3052 ἐπιγαμίαν
1111 2944 1188 3008 ταύ·

106 3076 162 3124 την
174 3055 280 3118 εὐνοεῖ
292 3052 388 3116 Μισεῖ
399 3043 434 3116 δέ
452 3075 485 3116 σε
498 3042 563 3136 ἰδία
571 3051 730 3143 Καῖσαρ
745 3048 878 3128 καὶτοὺς
889 3047 1001 3128 ἄλλους
1012 3035 1188 3140 Ρωμαίους,

106 3161 154 3225 ὅτι
182 3160 212 3224 ἐν
242 3166 282 3249 τῇ
311 3155 452 3248 Γαλατίᾳ
475 3156 733 3286 AAAAAAAAAAAA,
766 3158 822 3231 τὴν
849 3157 902 3245 μὲν
934 3159 1030 3223 αὐτου
1058 3148 1186 3247 δύναμιν

105 3266 331 3346 ηλαττιύσατε,
350 3227 566 3330 Διύιτίακὸν
546 3263 582 3328 AA
602 3264 654 3329 τὸν
674 3254 839 3353 ἀδελφὸν’
826 3287 856 3329 εν
876 3270 922 3350 τῷ
944 3261 1112 3356 πρύσθενα
1093 3257 1186 3338 ἁξιύ

106 3369 183 3462 ματί
200 3395 237 3437 τε
259 3369 312 3436 καὶ
321 3360 462 3542 θδυνοίριιι
490 3371 697 3446 κατεςιίσατε
723 3349 822 3446 Ae*
804 3391 940 3459 ερασιιν,
958 3368 995 3444 Av
1024 3369 1118 3460 μέν
1107 3394 1185 3435 ποτε

106 3469 203 3544 δεινόν
223 3501 256 3541 τι
274 3475 410 3543 πείθωσιν
436 3503 464 3542 οι
455 3461 671 3604 Ρωμαῖοι,’
658 3499 688 3541 εν
716 3476 833 3605 AAAAAA
853 3466 955 3542 ἐλπίδι
975 3484 1030 3553 τῆς
1050 3465 1103 3540 διὰ
1122 3482 1185 3540 τῶν

105 3570 270 3656 Ελύητίων
296 3575 482 3659 ύασιλείας’
470 3581 544 3659 εςίν·
565 3577 601 3647 θιν
621 3572 656 3650 δὲ
675 3580 852 3648 τούναντίον
878 3581 921 3648 τὰ
947 3589 1009 3648 τῶν
1034 3566 1184 3712 Ρωραίων

65 3669 70 3682 ⁸
104 3688 329 3781 έπικρατέςερα
346 3690 487 3783 γένηται,
498 3691 557 3779 οὐχ
567 3691 649 3766 ὅπως
666 3697 722 3764 τῆς
736 3683 907 3773 ύασιλεέας,
918 3685 999 3756 ἀλλὰ
1012 3689 1065 3760 καὶ
1079 3685 1114 3765 τίς
1132 3697 1183 3752 νῦν

103 3797 166 3887 ἔχει
184 3788 344 3886 δυνάμεως
363 3785 506 3887 οὐδεμίαν
521 3784 634 3862 ἐλπίδα
647 3801 791 3863 ποιεῖται.
812 3795 904 3860 OA⁸
872 3821 925 3887 μεν
943 3790 994 3863 οὗν
1014 3819 1095 3860 ταυτ
1097 3793 1184 3858 ’ἕλε

102 3927 167 3996 γον.
187 3901 355 3994 Κατέμαθε
375 3893 411 3968 δὲ
429 3901 480 3969 καὶ
493 3901 570 3996 πρὸς
587 3902 708 3978 τούτοις
722 3906 738 3966 A
752 3903 893 3994 Καῖσαρ,
907 3906 948 3982 ὡς
967 3902 996 3967 έν
1017 3910 1056 3993 τῇ
1070 3898 1181 3993 ὀλίγων

102 4007 231 4101 πρόσθεν
250 4013 368 4101 ἡμερῶν
395 4019 458 4076 τῶν
477 4011 595 4075 ἑαυτοῦ·
606 4008 721 4074 ἱππέων
739 4009 922 4102 γεγενημένῃ
940 4010 1024 4098 ἥττρι
1043 4011 1059 4072 A
1078 4009 1180 4097 Δούρι-

103 4108 191 4209 νορύξ
206 4139 242 4182 τε
257 4113 309 4182 καὶ
326 4115 355 4182 οἱ
372 4113 483 4183 ἐκείνου
502 4115 602 4192 ἱππεῖς
621 4124 677 4196 τῆς
696 4123 792 4209 φυγῆς
810 4106 1037 4210 προκατῆρξαν·
1057 4116 1184 4184 τούτων,
1263 4195 1267 4210 ¹
1335 4187 1340 4200 ,
