3000 5025
338 498 415 584 426
516 560 523 571 .
638 500 675 568 C.
704 499 850 566 JULlI
878 498 1119 566 CAESARIS.

340 634 397 707 τήν
415 630 602 723 Βρηταννίαν
621 633 721 698 πλέων
738 630 928 724 είρηνοῦντας
946 637 963 698 ὁ
979 632 1100 724 Καῖσαρ
1114 631 1294 718 κατέλιπεν,
1306 621 1398 697 ἐλπίδι

339 736 422 816 λείας
437 739 511 805 τότε
526 738 776 822 ἀναπεισθέντες,
788 744 912 831 πρῶτον
929 737 982 829 μὲν
997 741 1127 816 τούτους
1144 739 1216 815 τοὺς
1234 740 1398 830 ςρατιύπας

342 848 376 911 ού
405 849 512 931 πολλῷ
539 852 621 934 σφῶν
649 843 757 920 πλήθει
784 847 1024 937 περιςήσαντες,
1047 845 1131 935 σρίσι
1158 835 1347 936 παραδοῦναι
1363 840 1399 909 τὰ

341 953 438 1035 ὅπλα,
452 949 472 1025 ἢ
491 950 690 1024 ἀποθνήσκειν
715 942 818 1017 ἐνθάδ’
832 952 979 1017 ἐκέλευον.
1002 936 1122 1026 θάτειδὴ
1137 943 1168 1016 δ’
1181 949 1267 1018 οὗτοι
1278 949 1318 1029 εἰς
1330 975 1400 1041 περι·

341 1056 427 1149 ρερὲς
444 1067 551 1148 σχῆμα
567 1056 732 1148 ταχθέντες
755 1058 912 1148 ἀντεῖχον,
928 1058 1001 1149 πρὸς
1021 1060 1077 1131 τὴν
1100 1064 1162 1124 τῶν
1177 1056 1318 1150 Μορίνων
1335 1050 1398 1128 ύοθν

340 1155 449 1257 ἀνδρες
468 1161 546 1255 ἀμφὶ
564 1165 637 1240 τοὺς
655 1158 874 1255 ἑξακισχιλίους
896 1162 1052 1237 συνῆλθον.
1076 1165 1197 1231 Τούτου
1217 1154 1253 1229 δὲ
1269 1170 1314 1249 τῷ
1329 1161 1398 1229 Καί·

341 1296 411 1362 σαρι
440 1269 686 1363 ἀπαγγελθέντος
713 1280 770 1337 τοῦ
800 1270 1005 1365 πράγματος,
1025 1276 1128 1337 πᾶσαν
1160 1273 1218 1344 τὴν
1244 1272 1335 1337 ἵππον
1357 1268 1399 1335 ἐπὶ

344 1375 484 1458 βοήθειαν
500 1386 561 1442 τῶν
575 1381 686 1443 ἑαυτοῦ
701 1374 875 1469 ἐπέμψατο.
891 1377 933 1441 Οἱ
947 1368 982 1443 δὲ
997 1362 1135 1470 Ρωμαῖοι
1148 1379 1178 1442 έν
1193 1379 1297 1463 τούτῳ
1310 1382 1399 1442 πλεῖον

343 1483 496 1575 τεσσάρων
518 1489 602 1575 ὡρῶν
631 1483 701 1561 τοὺς
726 1482 889 1576 πολεμίους
909 1483 1041 1576 θρασέως
1053 1485 1242 1576 ὑπέμειναν,
1257 1483 1309 1549 καὶ
1322 1480 1400 1573 ὀλίγα

342 1590 508 1681 τραύματα
522 1590 611 1655 αὐτοὶ
622 1584 791 1671 λαθόντες,
805 1590 1009 1683 παμπόλλους
1027 1598 1090 1657 τῶν
1104 1589 1257 1681 πολεμίων
1276 1590 1401 1655 ἀπέκτει·

340 1720 405 1761 ναν.
420 1698 489 1761 Τῶν
515 1688 550 1763 δὲ
577 1694 692 1763 ἱππέων
720 1697 956 1788 προρανέντων,
975 1696 1003 1762 οἱ
1027 1698 1081 1789 μὲν
1111 1698 1254 1788 πολέμιοι
1272 1693 1314 1761 τὰ
1331 1697 1400 1761 ὅπλα

340 1797 582 1894 ἀπορρίψαντες,
600 1806 742 1897 φεύγουσι
757 1802 840 1870 κατὰ
855 1802 1053 1896 κροίτυς,’καὶ
1070 1801 1180 1870 πολλοὶ
1195 1803 1256 1870 ὑπὸ
1272 1810 1331 1869 τῶν
1344 1785 1400 1867 Ito·

340 1907 436 1997 μαίων
456 1908 587 1975 ἐνταῦθα
601 1908 836 1983 ἀποθνήσκουσι.

394 2016 593 2083 XXXVIII.
610 2019 657 2109 Τῇ
678 2007 708 2081 δ’
723 2016 852 2108 ὑςεραίᾳ
876 2023 892 2084 ὁ
913 2020 1034 2110 Καῖσαρ
1064 2018 1119 2083 τὸν
1146 2021 1258 2084 ἑαυτοῦ
1279 2020 1399 2107 ὕπαρχον

342 2119 437 2186 Τίτον
451 2116 605 2196 Λαύιηνὸν
620 2124 673 2188 σὺν
693 2130 759 2200 τοῖς
778 2120 821 2200 οἷς
838 2124 997 2218 ἀπήγαγεν
1011 2126 1046 2190 έκ
1060 2134 1117 2201 τῆς
1133 2123 1321 2215 Βρηταννίας
1333 2125 1398 2213 τάγ-

342 2251 454 2317 μασιν,
469 2227 519 2294 ἐπὶ
534 2228 606 2306 τοὺς
630 2228 812 2306 ἀποςάντας
834 2239 895 2296 τῶν
914 2228 1055 2322 Μυρίνων
1074 2226 1249 2321 ἐπέμψατο.
1268 2227 1360 2296 Αὐτοὶ
1371 2217 1395 2290 δ

342 2322 395 2397 διὰ
425 2332 480 2400 τὴν
506 2341 568 2399 τῶν
596 2338 671 2401 ἐλῶν
704 2328 876 2429 ξηρότατα,
894 2343 952 2424 ποῖ
976 2329 1193 2425 ἀπορεύξειαν,
1214 2339 1271 2402 οὐκ
1295 2338 1399 2427 ἔχοντες

339 2429 353 2525 (
367 2440 467 2532 ταύτῃ
482 2438 541 2533 γὰρ
559 2448 599 2532 τῇ
614 2439 810 2534 ἀποχωρήσει
823 2450 870 2529 τῷ
882 2442 1011 2536 πρόσθεν
1027 2444 1089 2509 έτει
1103 2438 1289 2537 ἐκέχρηντο)
1302 2440 1398 2516 πάντες

340 2536 452 2636 σχεδὸν
467 2555 513 2632 τῷ
531 2540 677 2633 Λαύιηνῷ
696 2551 945 2640 προσεχώρησαν.
960 2536 1004 2615 Εν
1021 2552 1125 2635 τούτῳ
1140 2543 1170 2616 δ’
1182 2554 1217 2634 ὅ,
1230 2576 1267 2616 τε
1285 2545 1399 2623 Κυίντος

341 2654 523 2744 Τιτούριος,
537 2653 588 2719 καὶ
605 2659 622 2721 ὁ
638 2655 768 2732 Λούκιος
785 2656 932 2737 Κόττας,
951 2665 1008 2748 τού
1022 2655 1179 2749 Καίσαρος
1191 2651 1398 2750 ςρατοιγοὶ,είς

342 2759 399 2832 τὴν
418 2766 480 2824 τῶν
495 2758 661 2827 Μεναπίων
674 2764 777 2854 χώραν
791 2762 845 2828 σὺν
859 2757 1176 2854 ςρατιᾷἐμύαλόντες
1187 2814 1197 2839 ,
1208 2762 1329 2840 πάντας
1341 2759 1398 2835 τοὺς

342 2869 444 2932 αὐτῶν
465 2865 575 2960 ἀγροὺς
589 2858 746 2960 ἐδήωσαν,
760 2867 812 2934 καὶ
829 2866 935 2934 πάντα
949 2865 991 2935 τά
1009 2860 1248 2961 οἰκοδομήματα
1264 2867 1399 2936 κατιοιαύ-

342 2997 471 3054 σαντες,
488 2968 501 3055 (
511 2973 538 3038 οἱ
556 2969 614 3067 γὰρ
635 2975 790 3040 Μενάπιοι
811 2976 840 3040 ἐν
860 2966 1049 3053 δασυτάτοις
1072 2974 1195 3042 νοίπεσιν
1220 2961 1399 3068 ἐκρύύησαν)

344 3076 436 3155 πάλιν
452 3080 526 3170 πρὸς
541 3079 594 3146 τὸν
611 3079 757 3171 Καίσαρα
774 3081 953 3155 ἐπανῆλθον.
967 3067 1090 3160 Ἐκεῖνος
1109 3073 1144 3149 δὲ
1160 3085 1190 3149 ἐν
1204 3093 1246 3175 τῇ
1261 3090 1322 3151 τῶν
1337 3083 1398 3146 Βιλ·

342 3193 404 3277 γῶν
426 3187 514 3277 χώρᾳ
533 3186 586 3253 τὸν
606 3187 721 3278 ςρατὸν
743 3188 773 3252 έν
795 3178 966 3279 χειμαδίοις
988 3177 1137 3265 διέταξεν
1161 3187 1232 3256 ἔνθα
1250 3181 1306 3256 δύο
1323 3187 1399 3278 μόνον

299 3349 302 3356 .
342 3293 377 3357 ἐκ
395 3298 501 3357 πασῶν
521 3303 582 3358 τῶν
606 3302 663 3371 τῆς
679 3293 869 3386 Βρηταννίας
891 3294 994 3372 πόλεις
1017 3297 1149 3387 ὁμήρους
1166 3292 1315 3388 ἔπεμψαν·
1329 3292 1357 3358 αἱ
1371 3282 1398 3355 δὲ

340 3397 448 3464 λοιπαὶ
461 3399 629 3490 ἠμέλησαν.
640 3402 767 3466 Τούτων
779 3402 1056 3495 κατειργασμένων,
1064 3403 1100 3471 ἐκ
1112 3408 1175 3468 τῶν
1193 3413 1250 3470 τοῦ
1262 3398 1398 3489 Καίσαρος

343 3505 494 3582 ἐπιςολῶν
508 3501 551 3571 τὰ
563 3507 615 3572 ὑπ’
631 3509 715 3593 αὐτῷ
729 3508 932 3602 πεπραγμένα
949 3507 1097 3598 μαθόντες
1112 3509 1141 3576 οἱ
1152 3493 1306 3601 θωμαῖοι,
1319 3504 1398 3574 εἴκοσι

341 3617 473 3702 συνεχεῖς
488 3611 602 3704 ἡμέρας
623 3611 740 3680 ἔθυσαν.
