<?xml version="1.0" encoding="UTF-8"?>
<!DOCTYPE html PUBLIC "-//W3C//DTD XHTML 1.0 Transitional//EN"
    "http://www.w3.org/TR/xhtml1/DTD/xhtml1-transitional.dtd">
<html xmlns="http://www.w3.org/1999/xhtml" xml:lang="en" lang="en">
 <head>
  <title>
</title>
<meta http-equiv="Content-Type" content="text/html;charset=utf-8" />
  <meta name='ocr-system' content='tesseract 3.04.00' />
  <meta name='ocr-capabilities' content='ocr_page ocr_carea ocr_par ocr_line ocrx_word'/>
</head>
<body>
  <div class='ocr_page' id='page_1' title='image "./caiusjuliuscsar00unkngoog_0018.png"; bbox 0 0 3000 5025; ppageno 0'>
   <div class='ocr_carea' id='block_1_1' title="bbox 177 502 1269 527">
    <p class='ocr_par' dir='ltr' id='par_1_1' title="bbox 177 502 1269 527">
     <span class='ocr_line' id='line_1_1' title="bbox 177 502 1269 527; baseline 0.001 -4"><span class='ocrx_word' id='word_1_1' title='bbox 177 502 708 527; x_wconf 57' lang='lat' dir='ltr'><strong>mmmmm-nmmum</strong></span> <span class='ocrx_word' id='word_1_2' title='bbox 715 502 1190 527; x_wconf 63' lang='lat' dir='ltr'><strong>mmummmmmm</strong></span> <span class='ocrx_word' id='word_1_3' title='bbox 1204 502 1269 525; x_wconf 68' lang='lat' dir='ltr'><strong>mm</strong></span> 
     </span>
    </p>
   </div>
   <div class='ocr_carea' id='block_1_2' title="bbox 194 650 1247 794">
    <p class='ocr_par' dir='ltr' id='par_1_2' title="bbox 194 650 1247 794">
     <span class='ocr_line' id='line_1_2' title="bbox 194 650 1247 794; baseline 0.007 -7"><span class='ocrx_word' id='word_1_4' title='bbox 194 699 481 791; x_wconf 71' lang='lat' dir='ltr'><strong>enuntio</strong></span> <span class='ocrx_word' id='word_1_5' title='bbox 515 650 781 794; x_wconf 78' lang='lat' dir='ltr'><strong>anToiu</strong></span> <span class='ocrx_word' id='word_1_6' title='bbox 813 651 890 791; x_wconf 78' lang='lat' dir='ltr'><strong>ns</strong></span> <span class='ocrx_word' id='word_1_7' title='bbox 922 704 1247 794; x_wconf 79' lang='lat' dir='ltr'><strong>ennevono</strong></span> 
     </span>
    </p>
   </div>
   <div class='ocr_carea' id='block_1_3' title="bbox 415 960 1085 1311">
    <p class='ocr_par' dir='ltr' id='par_1_3' title="bbox 415 960 1085 1311">
     <span class='ocr_line' id='line_1_3' title="bbox 520 960 810 1031; baseline -0.003 0"><span class='ocrx_word' id='word_1_8' title='bbox 520 968 523 976; x_wconf 89' lang='lat'>&#39;</span> <span class='ocrx_word' id='word_1_9' title='bbox 641 960 672 1031; x_wconf 90' lang='lat' dir='ltr'><strong>S.</strong></span> <span class='ocrx_word' id='word_1_10' title='bbox 701 961 737 1030; x_wconf 92' lang='lat' dir='ltr'><strong>P.</strong></span> <span class='ocrx_word' id='word_1_11' title='bbox 767 964 810 1031; x_wconf 91' lang='lat' dir='ltr'><strong>D.</strong></span> 
     </span>
     <span class='ocr_line' id='line_1_4' title="bbox 415 1155 1085 1311; baseline 0.006 -4"><span class='ocrx_word' id='word_1_12' title='bbox 415 1206 488 1307; x_wconf 81' lang='grc' dir='ltr'><strong>Ν.</strong></span> <span class='ocrx_word' id='word_1_13' title='bbox 526 1166 588 1309; x_wconf 82' lang='grc' dir='ltr'><strong>Ε.</strong></span> <span class='ocrx_word' id='word_1_14' title='bbox 629 1155 998 1311; x_wconf 76' lang='lat' dir='ltr'><strong>tenesne.</strong></span> <span class='ocrx_word' id='word_1_15' title='bbox 1080 1219 1085 1233; x_wconf 93' lang='lat'><strong>·</strong></span> 
     </span>
    </p>
   </div>
   <div class='ocr_carea' id='block_1_4' title="bbox 177 1694 1308 4212">
    <p class='ocr_par' dir='ltr' id='par_1_4' title="bbox 181 1694 1265 3028">
     <span class='ocr_line' id='line_1_5' title="bbox 185 1694 1265 1847; baseline 0.006 -30"><span class='ocrx_word' id='word_1_16' title='bbox 185 1694 330 1847; x_wconf 78' lang='lat' dir='ltr'><strong>Quum</strong></span> <span class='ocrx_word' id='word_1_17' title='bbox 356 1751 392 1817; x_wconf 94' lang='lat' dir='ltr'><strong>in</strong></span> <span class='ocrx_word' id='word_1_18' title='bbox 425 1751 590 1845; x_wconf 90' lang='lat' dir='ltr'><strong>principio</strong></span> <span class='ocrx_word' id='word_1_19' title='bbox 613 1748 792 1822; x_wconf 86' lang='lat' dir='ltr'><strong>voluminis</strong></span> <span class='ocrx_word' id='word_1_20' title='bbox 813 1751 913 1845; x_wconf 90' lang='lat' dir='ltr'><strong>primi</strong></span> <span class='ocrx_word' id='word_1_21' title='bbox 934 1765 1011 1845; x_wconf 90' lang='lat' dir='ltr'><strong>post</strong></span> <span class='ocrx_word' id='word_1_22' title='bbox 1035 1752 1265 1847; x_wconf 83' lang='lat' dir='ltr'><strong>praelationem</strong></span> 
     </span>
     <span class='ocr_line' id='line_1_6' title="bbox 183 1848 1265 1954; baseline 0.006 -31"><span class='ocrx_word' id='word_1_23' title='bbox 183 1872 351 1943; x_wconf 87' lang='lat' dir='ltr'><strong>nostram,</strong></span> <span class='ocrx_word' id='word_1_24' title='bbox 374 1881 450 1951; x_wconf 83' lang='lat' dir='ltr'><strong>pag.</strong></span> <span class='ocrx_word' id='word_1_25' title='bbox 462 1848 575 1945; x_wconf 81' lang='lat' dir='ltr'><strong>XXV,</strong></span> <span class='ocrx_word' id='word_1_26' title='bbox 590 1852 742 1925; x_wconf 85' lang='lat' dir='ltr'><strong>ordinem</strong></span> <span class='ocrx_word' id='word_1_27' title='bbox 757 1871 790 1925; x_wconf 91' lang='lat' dir='ltr'><strong>et</strong></span> <span class='ocrx_word' id='word_1_28' title='bbox 809 1881 973 1925; x_wconf 85' lang='lat' dir='ltr'><strong>summam</strong></span> <span class='ocrx_word' id='word_1_29' title='bbox 995 1884 1124 1946; x_wconf 90' lang='lat' dir='ltr'><strong>rerum,</strong></span> <span class='ocrx_word' id='word_1_30' title='bbox 1144 1862 1265 1954; x_wconf 87' lang='lat' dir='ltr'><strong>quibus</strong></span> 
     </span>
     <span class='ocr_line' id='line_1_7' title="bbox 184 1963 1263 2054; baseline 0.006 -22"><span class='ocrx_word' id='word_1_31' title='bbox 184 1978 314 2033; x_wconf 85' lang='lat' dir='ltr'><strong>constat</strong></span> <span class='ocrx_word' id='word_1_32' title='bbox 335 1978 450 2032; x_wconf 87' lang='lat' dir='ltr'><strong>nostra</strong></span> <span class='ocrx_word' id='word_1_33' title='bbox 473 1966 614 2034; x_wconf 75' lang='lat' dir='ltr'>Caesaris</span> <span class='ocrx_word' id='word_1_34' title='bbox 635 1963 755 2051; x_wconf 86' lang='lat' dir='ltr'><strong>editio,</strong></span> <span class='ocrx_word' id='word_1_35' title='bbox 776 1963 1057 2054; x_wconf 75' lang='lat' dir='ltr'>describeremus,</span> <span class='ocrx_word' id='word_1_36' title='bbox 1079 1970 1178 2037; x_wconf 89' lang='lat' dir='ltr'><strong>tertio</strong></span> <span class='ocrx_word' id='word_1_37' title='bbox 1197 1968 1263 2039; x_wconf 90' lang='lat' dir='ltr'><strong>boc</strong></span> 
     </span>
     <span class='ocr_line' id='line_1_8' title="bbox 182 2069 1263 2169; baseline 0.006 -31"><span class='ocrx_word' id='word_1_38' title='bbox 182 2069 352 2140; x_wconf 81' lang='lat' dir='ltr'><strong>volumine</strong></span> <span class='ocrx_word' id='word_1_39' title='bbox 374 2072 452 2157; x_wconf 85' lang='lat' dir='ltr'><strong>tibi,</strong></span> <span class='ocrx_word' id='word_1_40' title='bbox 473 2074 599 2145; x_wconf 70' lang='lat' dir='ltr'><strong>lector</strong></span> <span class='ocrx_word' id='word_1_41' title='bbox 619 2071 875 2159; x_wconf 88' lang='lat' dir='ltr'><strong>humanissime,</strong></span> <span class='ocrx_word' id='word_1_42' title='bbox 894 2072 1067 2143; x_wconf 80' lang='lat' dir='ltr'><strong>afferenda</strong></span> <span class='ocrx_word' id='word_1_43' title='bbox 1088 2074 1160 2144; x_wconf 84' lang='lat' dir='ltr'><strong>baec</strong></span> <span class='ocrx_word' id='word_1_44' title='bbox 1183 2101 1263 2169; x_wconf 92' lang='lat' dir='ltr'><strong>pro·</strong></span> 
     </span>
     <span class='ocr_line' id='line_1_9' title="bbox 182 2168 1263 2276; baseline 0.007 -31"><span class='ocrx_word' id='word_1_45' title='bbox 182 2180 348 2247; x_wconf 87' lang='lat' dir='ltr'><strong>misimus:</strong></span> <span class='ocrx_word' id='word_1_46' title='bbox 375 2168 412 2247; x_wconf 91' lang='lat'><strong>1⁰</strong></span> <span class='ocrx_word' id='word_1_47' title='bbox 427 2178 583 2274; x_wconf 87' lang='lat' dir='ltr'><strong>Effigiem</strong></span> <span class='ocrx_word' id='word_1_48' title='bbox 589 2181 628 2247; x_wconf 90' lang='lat' dir='ltr'><strong>C.</strong></span> <span class='ocrx_word' id='word_1_49' title='bbox 636 2181 654 2246; x_wconf 92' lang='lat' dir='ltr'>J</span> <span class='ocrx_word' id='word_1_50' title='bbox 657 2177 715 2246; x_wconf 93' lang='lat' dir='ltr'><strong>ulii</strong></span> <span class='ocrx_word' id='word_1_51' title='bbox 727 2181 884 2265; x_wconf 77' lang='lat' dir='ltr'><strong>Caesaris,</strong></span> <span class='ocrx_word' id='word_1_52' title='bbox 897 2204 1089 2276; x_wconf 80' lang='lat' dir='ltr'><strong>expressam</strong></span> <span class='ocrx_word' id='word_1_53' title='bbox 1102 2207 1121 2250; x_wconf 89' lang='lat' dir='ltr'><strong>e</strong></span> <span class='ocrx_word' id='word_1_54' title='bbox 1134 2182 1263 2253; x_wconf 80' lang='lat' dir='ltr'><strong>besalte</strong></span> 
     </span>
     <span class='ocr_line' id='line_1_10' title="bbox 184 2274 1261 2379; baseline 0.006 -28"><span class='ocrx_word' id='word_1_55' title='bbox 184 2286 302 2379; x_wconf 78' lang='lat' dir='ltr'><strong>nigr03</strong></span> <span class='ocrx_word' id='word_1_56' title='bbox 324 2274 364 2353; x_wconf 83' lang='lat'><strong>2⁰</strong></span> <span class='ocrx_word' id='word_1_57' title='bbox 388 2284 452 2354; x_wconf 87' lang='lat' dir='ltr'><strong>Jul.</strong></span> <span class='ocrx_word' id='word_1_58' title='bbox 470 2284 558 2355; x_wconf 85' lang='lat' dir='ltr'><strong>Celsi</strong></span> <span class='ocrx_word' id='word_1_59' title='bbox 578 2284 620 2353; x_wconf 89' lang='lat' dir='ltr'><strong>de</strong></span> <span class='ocrx_word' id='word_1_60' title='bbox 639 2286 707 2353; x_wconf 91' lang='lat' dir='ltr'><strong>vita</strong></span> <span class='ocrx_word' id='word_1_61' title='bbox 726 2286 868 2355; x_wconf 78' lang='lat' dir='ltr'><strong>Caesaris</strong></span> <span class='ocrx_word' id='word_1_62' title='bbox 887 2290 1162 2377; x_wconf 84' lang='lat' dir='ltr'><strong>commentarios,</strong></span> <span class='ocrx_word' id='word_1_63' title='bbox 1183 2313 1261 2359; x_wconf 91' lang='lat' dir='ltr'><strong>cum</strong></span> 
     </span>
     <span class='ocr_line' id='line_1_11' title="bbox 183 2391 1261 2488; baseline 0.006 -31"><span class='ocrx_word' id='word_1_64' title='bbox 183 2416 269 2460; x_wconf 86' lang='lat' dir='ltr'><strong>nova</strong></span> <span class='ocrx_word' id='word_1_65' title='bbox 291 2392 507 2488; x_wconf 77' lang='lat' dir='ltr'><strong>praefatione,</strong></span> <span class='ocrx_word' id='word_1_66' title='bbox 528 2406 682 2461; x_wconf 85' lang='lat' dir='ltr'><strong>veterum</strong></span> <span class='ocrx_word' id='word_1_67' title='bbox 700 2392 744 2459; x_wconf 86' lang='lat' dir='ltr'><strong>dc</strong></span> <span class='ocrx_word' id='word_1_68' title='bbox 767 2391 866 2462; x_wconf 87' lang='lat' dir='ltr'><strong>Celso</strong></span> <span class='ocrx_word' id='word_1_69' title='bbox 885 2394 1097 2482; x_wconf 84' lang='lat' dir='ltr'><strong>testimoniis,</strong></span> <span class='ocrx_word' id='word_1_70' title='bbox 1118 2409 1152 2463; x_wconf 89' lang='lat' dir='ltr'><strong>et</strong></span> <span class='ocrx_word' id='word_1_71' title='bbox 1180 2398 1261 2464; x_wconf 89' lang='lat' dir='ltr'><strong>Dia·</strong></span> 
     </span>
     <span class='ocr_line' id='line_1_12' title="bbox 182 2498 1260 2600; baseline 0.007 -34"><span class='ocrx_word' id='word_1_72' title='bbox 182 2498 266 2568; x_wconf 88' lang='lat' dir='ltr'><strong>tribe</strong></span> <span class='ocrx_word' id='word_1_73' title='bbox 285 2499 361 2568; x_wconf 85' lang='lat' dir='ltr'><strong>Joh.</strong></span> <span class='ocrx_word' id='word_1_74' title='bbox 384 2502 508 2595; x_wconf 83' lang='lat' dir='ltr'><strong>Georg.</strong></span> <span class='ocrx_word' id='word_1_75' title='bbox 531 2500 657 2570; x_wconf 88' lang='lat' dir='ltr'><strong>Graevii</strong></span> <span class='ocrx_word' id='word_1_76' title='bbox 671 2498 749 2585; x_wconf 76' lang='lat'><strong>:,3⁰</strong></span> <span class='ocrx_word' id='word_1_77' title='bbox 769 2502 951 2600; x_wconf 78' lang='lat' dir='ltr'><strong>Dictatoris</strong></span> <span class='ocrx_word' id='word_1_78' title='bbox 971 2500 1201 2598; x_wconf 83' lang='lat' dir='ltr'><strong>genealogiam</strong></span> <span class='ocrx_word' id='word_1_79' title='bbox 1220 2529 1260 2574; x_wconf 81' lang='lat' dir='ltr'><strong>ex</strong></span> 
     </span>
     <span class='ocr_line' id='line_1_13' title="bbox 183 2604 1259 2707; baseline -0.002 -27"><span class='ocrx_word' id='word_1_80' title='bbox 183 2604 334 2680; x_wconf 86' lang='lat' dir='ltr'><strong>Huberto</strong></span> <span class='ocrx_word' id='word_1_81' title='bbox 348 2605 484 2678; x_wconf 90' lang='lat' dir='ltr'><strong>Goltzio</strong></span> <span class='ocrx_word' id='word_1_82' title='bbox 497 2623 712 2704; x_wconf 62' lang='lat' dir='ltr'><strong>excerptum,</strong></span> <span class='ocrx_word' id='word_1_83' title='bbox 723 2610 828 2676; x_wconf 85' lang='lat' dir='ltr'><strong>vitam</strong></span> <span class='ocrx_word' id='word_1_84' title='bbox 846 2634 865 2707; x_wconf 61' lang='grc' dir='ltr'>ᾳ</span> <span class='ocrx_word' id='word_1_85' title='bbox 877 2607 1058 2679; x_wconf 83' lang='lat' dir='ltr'><strong>Plutarcho</strong></span> <span class='ocrx_word' id='word_1_86' title='bbox 1073 2625 1259 2698; x_wconf 81' lang='lat' dir='ltr'><strong>exaratam,</strong></span> 
     </span>
     <span class='ocr_line' id='line_1_14' title="bbox 181 2713 1259 2808; baseline 0.004 -28"><span class='ocrx_word' id='word_1_87' title='bbox 181 2715 333 2808; x_wconf 87' lang='lat' dir='ltr'><strong>notisque</strong></span> <span class='ocrx_word' id='word_1_88' title='bbox 353 2729 388 2784; x_wconf 88' lang='lat' dir='ltr'><strong>et</strong></span> <span class='ocrx_word' id='word_1_89' title='bbox 405 2717 596 2784; x_wconf 84' lang='lat' dir='ltr'><strong>recensione</strong></span> <span class='ocrx_word' id='word_1_90' title='bbox 616 2713 666 2786; x_wconf 88' lang='lat' dir='ltr'><strong>Cl.</strong></span> <span class='ocrx_word' id='word_1_91' title='bbox 684 2718 725 2784; x_wconf 90' lang='lat' dir='ltr'><strong>V.</strong></span> <span class='ocrx_word' id='word_1_92' title='bbox 740 2717 852 2785; x_wconf 72' lang='lat' dir='ltr'><strong>Antan</strong></span> <span class='ocrx_word' id='word_1_93' title='bbox 872 2713 1091 2802; x_wconf 82' lang='lat' dir='ltr'><strong>illustratam3</strong></span> <span class='ocrx_word' id='word_1_94' title='bbox 1110 2719 1259 2800; x_wconf 67' lang='lat' dir='ltr'><strong>4⁰Grae·</strong></span> 
     </span>
     <span class='ocr_line' id='line_1_15' title="bbox 181 2820 1260 2922; baseline 0 -32"><span class='ocrx_word' id='word_1_95' title='bbox 181 2844 256 2890; x_wconf 91' lang='lat' dir='ltr'><strong>cum</strong></span> <span class='ocrx_word' id='word_1_96' title='bbox 277 2821 360 2900; x_wconf 81' lang='lat' dir='ltr'><strong>Belli</strong></span> <span class='ocrx_word' id='word_1_97' title='bbox 382 2820 502 2894; x_wconf 84' lang='lat' dir='ltr'><strong>Gallici</strong></span> <span class='ocrx_word' id='word_1_98' title='bbox 520 2823 746 2917; x_wconf 86' lang='lat' dir='ltr'><strong>interpretem.</strong></span> <span class='ocrx_word' id='word_1_99' title='bbox 768 2823 869 2891; x_wconf 90' lang='lat' dir='ltr'><strong>Nunc</strong></span> <span class='ocrx_word' id='word_1_100' title='bbox 888 2835 1052 2922; x_wconf 77' lang='lat' dir='ltr'><strong>quantum</strong></span> <span class='ocrx_word' id='word_1_101' title='bbox 1071 2821 1154 2890; x_wconf 87' lang='lat' dir='ltr'><strong>fides</strong></span> <span class='ocrx_word' id='word_1_102' title='bbox 1175 2848 1260 2918; x_wconf 91' lang='lat' dir='ltr'><strong>pro·-</strong></span> 
     </span>
     <span class='ocr_line' id='line_1_16' title="bbox 182 2927 999 3028; baseline -0.009 -26"><span class='ocrx_word' id='word_1_103' title='bbox 182 2930 279 3002; x_wconf 84' lang='lat' dir='ltr'><strong>missa</strong></span> <span class='ocrx_word' id='word_1_104' title='bbox 297 2956 360 3000; x_wconf 90' lang='lat' dir='ltr'><strong>nos</strong></span> <span class='ocrx_word' id='word_1_105' title='bbox 381 2931 545 3016; x_wconf 87' lang='lat' dir='ltr'><strong>tenuerit,</strong></span> <span class='ocrx_word' id='word_1_106' title='bbox 562 2945 658 3026; x_wconf 82' lang='lat' dir='ltr'><strong>tuum</strong></span> <span class='ocrx_word' id='word_1_107' title='bbox 681 2931 722 3018; x_wconf 77' lang='lat' dir='ltr'><strong>sit</strong></span> <span class='ocrx_word' id='word_1_108' title='bbox 739 2927 914 3028; x_wconf 87' lang='lat' dir='ltr'><strong>judiciqm.</strong></span> <span class='ocrx_word' id='word_1_109' title='bbox 948 2987 953 2994; x_wconf 83' lang='lat'><strong>.</strong></span> <span class='ocrx_word' id='word_1_110' title='bbox 994 2998 999 3007; x_wconf 65' lang='grc'><em>,</em></span> 
     </span>
    </p>

    <p class='ocr_par' dir='ltr' id='par_1_5' title="bbox 177 3034 1308 4099">
     <span class='ocr_line' id='line_1_17' title="bbox 232 3034 1259 3132; baseline 0.002 -28"><span class='ocrx_word' id='word_1_111' title='bbox 232 3040 259 3104; x_wconf 90' lang='grc' dir='ltr'><strong>Ι.</strong></span> <span class='ocrx_word' id='word_1_112' title='bbox 291 3035 385 3106; x_wconf 87' lang='lat' dir='ltr'><strong>Nihil</strong></span> <span class='ocrx_word' id='word_1_113' title='bbox 407 3037 490 3106; x_wconf 89' lang='lat' dir='ltr'><strong>mibi</strong></span> <span class='ocrx_word' id='word_1_114' title='bbox 513 3035 643 3132; x_wconf 88' lang='lat' dir='ltr'><strong>longius</strong></span> <span class='ocrx_word' id='word_1_115' title='bbox 665 3035 848 3132; x_wconf 84' lang='lat' dir='ltr'><strong>quidquam</strong></span> <span class='ocrx_word' id='word_1_116' title='bbox 872 3034 1069 3124; x_wconf 84' lang='lat' dir='ltr'><strong>videbatur,</strong></span> <span class='ocrx_word' id='word_1_117' title='bbox 1097 3062 1198 3130; x_wconf 92' lang='lat' dir='ltr'><strong>quam</strong></span> <span class='ocrx_word' id='word_1_118' title='bbox 1221 3053 1259 3106; x_wconf 93' lang='lat' dir='ltr'><strong>ut</strong></span> 
     </span>
     <span class='ocr_line' id='line_1_18' title="bbox 181 3143 1259 3243; baseline 0.003 -33"><span class='ocrx_word' id='word_1_119' title='bbox 181 3143 237 3212; x_wconf 90' lang='lat' dir='ltr'><strong>tibi</strong></span> <span class='ocrx_word' id='word_1_120' title='bbox 259 3144 396 3214; x_wconf 87' lang='lat' dir='ltr'><strong>tandem</strong></span> <span class='ocrx_word' id='word_1_121' title='bbox 415 3145 561 3238; x_wconf 89' lang='lat' dir='ltr'><strong>primum</strong></span> <span class='ocrx_word' id='word_1_122' title='bbox 580 3143 758 3243; x_wconf 81' lang='lat' dir='ltr'><strong>diligentiae</strong></span> <span class='ocrx_word' id='word_1_123' title='bbox 777 3144 948 3238; x_wconf 84' lang='lat' dir='ltr'><strong>specimen</strong></span> <span class='ocrx_word' id='word_1_124' title='bbox 966 3144 1179 3230; x_wconf 83' lang='lat' dir='ltr'><strong>exhiberem,</strong></span> <span class='ocrx_word' id='word_1_125' title='bbox 1192 3169 1259 3238; x_wconf 87' lang='lat' dir='ltr'><strong>qua</strong></span> 
     </span>
     <span class='ocr_line' id='line_1_19' title="bbox 181 3249 1258 3346; baseline 0.003 -28"><span class='ocrx_word' id='word_1_126' title='bbox 181 3249 428 3322; x_wconf 82' lang='lat' dir='ltr'><strong>deliueerentur</strong></span> <span class='ocrx_word' id='word_1_127' title='bbox 448 3252 590 3346; x_wconf 83' lang='lat' dir='ltr'><strong>graphio</strong></span> <span class='ocrx_word' id='word_1_128' title='bbox 612 3263 646 3320; x_wconf 89' lang='lat' dir='ltr'><strong>et</strong></span> <span class='ocrx_word' id='word_1_129' title='bbox 674 3276 738 3320; x_wconf 88' lang='lat' dir='ltr'><strong>aere</strong></span> <span class='ocrx_word' id='word_1_130' title='bbox 763 3249 962 3322; x_wconf 71' lang='lat' dir='ltr'><strong>celarentur</strong></span> <span class='ocrx_word' id='word_1_131' title='bbox 979 3253 1145 3320; x_wconf 85' lang='lat' dir='ltr'><strong>universae</strong></span> <span class='ocrx_word' id='word_1_132' title='bbox 1168 3277 1258 3321; x_wconf 89' lang='lat' dir='ltr'><strong>sum·</strong></span> 
     </span>
     <span class='ocr_line' id='line_1_20' title="bbox 179 3358 1257 3456; baseline 0.002 -30"><span class='ocrx_word' id='word_1_133' title='bbox 179 3383 309 3428; x_wconf 88' lang='lat' dir='ltr'><strong>morum</strong></span> <span class='ocrx_word' id='word_1_134' title='bbox 325 3361 475 3428; x_wconf 76' lang='lat' dir='ltr'><strong>virorum</strong></span> <span class='ocrx_word' id='word_1_135' title='bbox 493 3361 654 3454; x_wconf 76' lang='lat' dir='ltr'><strong>imagines</strong></span> <span class='ocrx_word' id='word_1_136' title='bbox 667 3358 835 3443; x_wconf 61' lang='lat' dir='ltr'><strong>assultus</strong></span> <span class='ocrx_word' id='word_1_137' title='bbox 845 3383 1015 3456; x_wconf 76' lang='lat' dir='ltr'><strong>,quorum</strong></span> <span class='ocrx_word' id='word_1_138' title='bbox 1025 3358 1096 3451; x_wconf 85' lang='lat' dir='ltr'><strong>jam</strong></span> <span class='ocrx_word' id='word_1_139' title='bbox 1111 3359 1257 3448; x_wconf 86' lang='lat' dir='ltr'><strong>animos,</strong></span> 
     </span>
     <span class='ocr_line' id='line_1_21' title="bbox 178 3462 1254 3560; baseline 0 -25"><span class='ocrx_word' id='word_1_140' title='bbox 178 3465 324 3536; x_wconf 79' lang='lat' dir='ltr'><strong>indolem</strong></span> <span class='ocrx_word' id='word_1_141' title='bbox 339 3481 373 3536; x_wconf 90' lang='lat' dir='ltr'><strong>et</strong></span> <span class='ocrx_word' id='word_1_142' title='bbox 386 3489 496 3536; x_wconf 88' lang='lat' dir='ltr'><strong>mores</strong></span> <span class='ocrx_word' id='word_1_143' title='bbox 507 3465 630 3558; x_wconf 82' lang='lat' dir='ltr'><strong>tabella</strong></span> <span class='ocrx_word' id='word_1_144' title='bbox 641 3464 782 3537; x_wconf 85' lang='lat' dir='ltr'><strong>fideliori</strong></span> <span class='ocrx_word' id='word_1_145' title='bbox 798 3467 911 3534; x_wconf 87' lang='lat' dir='ltr'><strong>excusi</strong></span> <span class='ocrx_word' id='word_1_146' title='bbox 926 3462 1001 3534; x_wconf 87' lang='lat' dir='ltr'><strong>libri</strong></span> <span class='ocrx_word' id='word_1_147' title='bbox 1012 3481 1254 3560; x_wconf 81' lang='lat' dir='ltr'><strong>expresserant.</strong></span> 
     </span>
     <span class='ocr_line' id='line_1_22' title="bbox 181 3571 1254 3670; baseline 0 -28"><span class='ocrx_word' id='word_1_148' title='bbox 181 3575 275 3644; x_wconf 85' lang='lat' dir='ltr'><strong>Hanc</strong></span> <span class='ocrx_word' id='word_1_149' title='bbox 299 3598 416 3644; x_wconf 86' lang='lat' dir='ltr'><strong>veram</strong></span> <span class='ocrx_word' id='word_1_150' title='bbox 446 3576 692 3670; x_wconf 79' lang='lat' dir='ltr'><strong>genuinamque</strong></span> <span class='ocrx_word' id='word_1_151' title='bbox 721 3597 842 3646; x_wconf 74' lang='lat' dir='ltr'><strong>uteru</strong></span> <span class='ocrx_word' id='word_1_152' title='bbox 866 3575 1026 3644; x_wconf 70' lang='lat' dir='ltr'><strong>essens</strong></span> <span class='ocrx_word' id='word_1_153' title='bbox 1054 3571 1201 3666; x_wconf 78' lang='lat' dir='ltr'><strong>effigiem</strong></span> <span class='ocrx_word' id='word_1_154' title='bbox 1225 3577 1254 3642; x_wconf 90' lang='lat' dir='ltr'><strong>J.</strong></span> 
     </span>
     <span class='ocr_line' id='line_1_23' title="bbox 179 3677 1254 3778; baseline -0.001 -28"><span class='ocrx_word' id='word_1_155' title='bbox 179 3679 276 3750; x_wconf 90' lang='lat' dir='ltr'><strong>Celso</strong></span> <span class='ocrx_word' id='word_1_156' title='bbox 298 3695 332 3750; x_wconf 88' lang='lat' dir='ltr'><strong>et</strong></span> <span class='ocrx_word' id='word_1_157' title='bbox 354 3680 789 3778; x_wconf 74' lang='lat' dir='ltr'><strong>Plutarchoprarfigendam</strong></span> <span class='ocrx_word' id='word_1_158' title='bbox 804 3681 1014 3765; x_wconf 87' lang='lat' dir='ltr'><strong>curavimus,</strong></span> <span class='ocrx_word' id='word_1_159' title='bbox 1035 3693 1073 3749; x_wconf 89' lang='lat' dir='ltr'><strong>ut</strong></span> <span class='ocrx_word' id='word_1_160' title='bbox 1091 3677 1133 3748; x_wconf 92' lang='lat' dir='ltr'><strong>de</strong></span> <span class='ocrx_word' id='word_1_161' title='bbox 1151 3679 1254 3750; x_wconf 81' lang='lat' dir='ltr'><strong>Caela·</strong></span> 
     </span>
     <span class='ocr_line' id='line_1_24' title="bbox 178 3787 1308 3883; baseline 0.002 -27"><span class='ocrx_word' id='word_1_162' title='bbox 178 3787 257 3856; x_wconf 88' lang='lat' dir='ltr'><strong>toris</strong></span> <span class='ocrx_word' id='word_1_163' title='bbox 272 3790 379 3857; x_wconf 88' lang='lat' dir='ltr'><strong>nostri</strong></span> <span class='ocrx_word' id='word_1_164' title='bbox 399 3789 556 3877; x_wconf 80' lang='lat' dir='ltr'><strong>artificio,</strong></span> <span class='ocrx_word' id='word_1_165' title='bbox 572 3803 606 3858; x_wconf 89' lang='lat' dir='ltr'><strong>et</strong></span> <span class='ocrx_word' id='word_1_166' title='bbox 623 3789 802 3859; x_wconf 89' lang='lat' dir='ltr'><strong>amborum</strong></span> <span class='ocrx_word' id='word_1_167' title='bbox 814 3788 1054 3876; x_wconf 47' lang='lat' dir='ltr'><strong>historicorum,</strong></span> <span class='ocrx_word' id='word_1_168' title='bbox 1064 3789 1256 3883; x_wconf 81' lang='lat' dir='ltr'><strong>narratione</strong></span> <span class='ocrx_word' id='word_1_169' title='bbox 1306 3857 1308 3860; x_wconf 76' lang='grc'>,</span> 
     </span>
     <span class='ocr_line' id='line_1_25' title="bbox 177 3885 1255 3996; baseline 0.005 -34"><span class='ocrx_word' id='word_1_170' title='bbox 177 3885 272 3988; x_wconf 84' lang='lat' dir='ltr'><strong>(pag.</strong></span> <span class='ocrx_word' id='word_1_171' title='bbox 292 3899 366 3990; x_wconf 66' lang='lat'><strong>247</strong></span> <span class='ocrx_word' id='word_1_172' title='bbox 385 3909 419 3964; x_wconf 87' lang='lat' dir='ltr'><strong>et</strong></span> <span class='ocrx_word' id='word_1_173' title='bbox 436 3887 540 3984; x_wconf 66' lang='lat'>284)</span> <span class='ocrx_word' id='word_1_174' title='bbox 561 3894 691 3964; x_wconf 84' lang='lat' dir='ltr'><strong>facilior</strong></span> <span class='ocrx_word' id='word_1_175' title='bbox 715 3895 877 3964; x_wconf 87' lang='lat' dir='ltr'><strong>incideret</strong></span> <span class='ocrx_word' id='word_1_176' title='bbox 904 3898 1131 3996; x_wconf 81' lang='lat' dir='ltr'><strong>comparatio,</strong></span> <span class='ocrx_word' id='word_1_177' title='bbox 1154 3910 1255 3991; x_wconf 80' lang='lat' dir='ltr'><strong>atque</strong></span> 
     </span>
     <span class='ocr_line' id='line_1_26' title="bbox 178 4000 1212 4099; baseline 0.001 -29"><span class='ocrx_word' id='word_1_178' title='bbox 178 4000 218 4070; x_wconf 86' lang='lat' dir='ltr'><strong>de</strong></span> <span class='ocrx_word' id='word_1_179' title='bbox 238 4001 351 4072; x_wconf 90' lang='lat' dir='ltr'><strong>vultus</strong></span> <span class='ocrx_word' id='word_1_180' title='bbox 373 4001 578 4074; x_wconf 86' lang='lat' dir='ltr'><strong>lineamentis</strong></span> <span class='ocrx_word' id='word_1_181' title='bbox 599 4004 763 4096; x_wconf 82' lang='lat' dir='ltr'><strong>sententia</strong></span> <span class='ocrx_word' id='word_1_182' title='bbox 778 4003 1059 4099; x_wconf 87' lang='lat' dir='ltr'><strong>pronunciaretur</strong></span> <span class='ocrx_word' id='word_1_183' title='bbox 1077 4006 1212 4098; x_wconf 81' lang='lat' dir='ltr'><strong>aequior.</strong></span> 
     </span>
    </p>

    <p class='ocr_par' dir='ltr' id='par_1_6' title="bbox 238 4107 1254 4212">
     <span class='ocr_line' id='line_1_27' title="bbox 238 4107 1254 4212; baseline 0.004 -34"><span class='ocrx_word' id='word_1_184' title='bbox 238 4109 301 4184; x_wconf 77' lang='lat' dir='ltr'><strong>Cui</strong></span> <span class='ocrx_word' id='word_1_185' title='bbox 329 4109 475 4212; x_wconf 63' lang='lat' dir='ltr'><strong>quidem¹</strong></span> <span class='ocrx_word' id='word_1_186' title='bbox 493 4112 688 4206; x_wconf 78' lang='lat' dir='ltr'><strong>Caesarianae</strong></span> <span class='ocrx_word' id='word_1_187' title='bbox 716 4107 833 4206; x_wconf 78' lang='lat' dir='ltr'><strong>figurae</strong></span> <span class='ocrx_word' id='word_1_188' title='bbox 858 4110 1066 4210; x_wconf 83' lang='lat' dir='ltr'><strong>potuissem,</strong></span> <span class='ocrx_word' id='word_1_189' title='bbox 1101 4107 1254 4204; x_wconf 87' lang='lat' dir='ltr'><strong>exemplo</strong></span> 
     </span>
    </p>
   </div>
   <div class='ocr_carea' id='block_1_5' title="bbox 0 0 1504 5025">
    <p class='ocr_par' dir='ltr' id='par_1_7' title="bbox 0 0 1504 5025">
     <span class='ocr_line' id='line_1_28' title="bbox 0 0 1504 5025; baseline 0 5"><span class='ocrx_word' id='word_1_190' title='bbox 0 0 1504 5025; x_wconf 95' lang='lat' dir='ltr'><strong> </strong></span> 
     </span>
    </p>
   </div>
  </div>
 </body>
</html>
