3000 5025
263 521 568 592 ιιννειιυιιεε
595 519 834 589 GRAECUS.
862 521 957 586 ιιΒ.
986 519 1027 587 ν.
1099 519 1173 602 ιιι

116 677 193 743 χετο.
215 656 316 732 Αὐτὸς
342 646 376 719 δὲ
406 657 460 731 ἕως
486 652 520 720 οὗ
545 648 587 718 τδι
609 643 757 745 χειμάδια
779 651 985 744 κρατυνθέντα
1006 654 1174 746 γινώσκοι,

118 761 143 824 ἐν
169 769 206 852 τῇ
232 760 373 852 Γαλατίᾳ
402 751 539 834 διενοήθη
566 761 758 850 καταμένειν.

164 865 270 934 XXV.
283 847 330 932 siv
343 859 372 931 δ’
380 869 408 932 ἐν
418 875 458 959 τῇ
467 875 529 936 τῶν
543 867 826 958 Καρνούτωνχώρορ
834 866 1007 958 Τασγήτιος
1016 916 1025 947 ,
1035 863 1109 956 ἀνήρ
1119 872 1177 929 τού

115 971 265 1064 γένουςτὰ
278 976 423 1066 πρώτιςα
442 973 581 1056 ἀνήκων,
596 971 629 1039 οὗ
646 971 775 1062 πρόσθεν
797 971 826 1038 οἱ
842 972 986 1066 πρόγονοι
1005 980 1060 1046 τῆς
1075 972 1176 1062 χώρας

21 1115 25 1122 -
113 1071 348 1145 ε’ύοισιλεύκεσοιν.
364 1081 474 1164 Τούτῳ
488 1085 503 1146 ὁ
519 1081 658 1170 Καῖσαρ,
670 1077 720 1144 καὶ
739 1088 795 1156 τῆς
811 1081 906 1144 αὐτοῦ
918 1078 1041 1170 ἀρετῆς,
1055 1075 1106 1141 καὶ
1121 1086 1176 1152 τῆς

113 1183 216 1251 ἐκείνου
241 1185 307 1275 ἅμα
330 1185 369 1263 εἰς
389 1186 497 1252 ἑαυτὸν
516 1184 631 1263 εὐνοίας
651 1187 754 1267 ἕνεκα,
768 1183 820 1268 (ἐν
843 1189 920 1251 πᾶσι
947 1184 1001 1275 μὲν
1026 1179 1085 1276 γὰρ
1111 1189 1175 1258 τοῖς

15 1373 16 1376 ρ
111 1293 216 1358 ἑαυτοῦ
240 1293 384 1384 πολέμοις
398 1291 564 1376 πιςοτιίτῳ
582 1291 683 1377 ἐκείνῳ
699 1286 876 1384 ἐχρήσατο)
890 1291 928 1358 τὸ
943 1298 1005 1356 τῶν
1018 1288 1175 1381 προγόνων

15 1399 16 1402 ’
111 1388 223 1464 ἀπεδεδ
518 1393 672 1475 ύασιλείας
698 1401 793 1464 αὐτοῦ
807 1395 905 1489 τρίτῳ
923 1390 1002 1480 ἔτει,
1022 1395 1050 1462 οἱ
1068 1385 1180 1484 δυσμε-

110 1511 161 1580 νεῖς
187 1507 303 1586 αὐτοῦ,
328 1511 449 1583 πολλῶν
476 1513 533 1582 τῆς
559 1506 676 1582 πόλεως
698 1504 855 1596 ἀρχόντων
878 1505 993 1569 τούτου
1019 1511 1076 1569 τοῦ
1095 1500 1177 1593 πρά-

110 1633 225 1700 γματος
243 1607 347 1676 αἰτίων
367 1611 589 1705 γεγενημένων,
603 1605 635 1689 ἐξ
654 1613 805 1702 ἐμφανοῦς
822 1610 1014 1676 ἀπέκτειναν.
1028 1610 1176 1701 Διαγγελ-

109 1714 215 1782 θέντων
233 1707 267 1782 δὲ
283 1719 400 1784 τούτων
415 1728 461 1804 τῷ
480 1717 631 1811 Καίσαρι,
647 1718 739 1794 αὐτὸς
760 1710 901 1807 ρούηθεὶς
912 1711 1008 1806 (πρὸς
1022 1713 1079 1808 γὰρ
1096 1719 1175 1780 πολ-

107 1821 173 1900 λοὺς
197 1819 233 1894 ἦν
259 1821 348 1901 οὗτος
373 1829 389 1890 ὁ
412 1819 524 1914 φόνος)
548 1827 589 1915 μὴ
615 1825 837 1915 ἐποτρύναντος
858 1822 975 1898 τινθςή
998 1821 1088 1898 πόλις
1112 1827 1175 1885 τῶν

106 1929 290 2021 Καρνούτων
305 1929 428 2022 ἀποςῇ,
442 1931 571 1996 Λούκιον
592 1929 738 2023 Πλάγκον
760 1930 813 1995 σὺν
832 1939 879 2016 τῷ
902 1926 1042 2022 τάγματι
1063 1930 1098 1993 ἐκ
1119 1934 1176 2002 τῆς

107 2042 164 2100 τῶν
183 2039 306 2128 Βελγῶν
320 2037 422 2128 χώρας
437 2035 476 2113 εἰς
491 2038 547 2109 τήν
563 2043 623 2103 τῶν
640 2037 826 2128 Καρνούταν
840 2027 1036 2125 ἐξεπέμψατο
1047 2031 1117 2115 ,καὶ
1132 2034 1177 2096 ἐν-

107 2141 204 2207 ταῦθα
214 2131 419 2233 διαχειμάζειν
429 2145 643 2236 παρήγγειλεν,
651 2141 755 2228 ἐκείνῳ
764 2139 815 2220 οὓς
824 2139 939 2217 αἰτίους
952 2149 1010 2206 τοῦ
1018 2139 1112 2230 ρόνου
1120 2148 1177 2206 τού

105 2246 284 2341 Τασγοτίου
298 2250 456 2341 γινώσκοι,
469 2250 599 2326 τούτους
614 2242 826 2330 συλλαύόντα,
836 2247 911 2338 πρὸς
925 2246 1034 2313 ἑαυτὸν
1045 2246 1175 2336 πέμπειν

105 2352 269 2430 ἐπιτειλας.
282 2339 324 2418 Εν
347 2355 451 2439 τούτῳ
472 2345 507 2419 δὲ
528 2353 642 2432 πάντες
664 2355 691 2422 οἱ
709 2347 941 2448 ὑποςρατιιγοὶ,
956 2353 1007 2418 καὶ
1024 2350 1176 2445 χιλίαρχοι

15 2518 16 2523 ,
105 2457 144 2540 οἷς
157 2456 201 2527 τὰ
215 2457 366 2555 τάγματα
379 2451 604 2553 παρεδεδώκει,
619 2464 703 2547 αὐτῷ
719 2463 889 2538 ἐπέςειλαν·
908 2458 948 2536 εἰς
967 2457 1009 2525 τὰ
1028 2451 1176 2551 χειμάδια

104 2566 324 2660 παραγενέσθαι
338 2570 433 2657 σφοῖς,
449 2567 500 2633 καὶ
515 2565 596 2633 αὐτὰ
613 2558 674 2641 ήδη
697 2567 909 2659 κρατυνθῆναι.

97 2716 99 2725 =
154 2674 286 2742 XXVI.
300 2664 529 2739 Πεντεκαίδεκα
550 2664 580 2737 δ’
598 2678 746 2764 ήμερῶν,
758 2673 811 2762 ἀρ’
831 2670 870 2736 ὧν
898 2671 938 2747 εἰς
959 2669 1002 2736 τὰ
1027 2661 1175 2762 χειμάδια

67 2799 69 2806 ’
103 2780 307 2874 παρεγένετο,
320 2786 402 2869 ταχὺ
421 2774 548 2871 θορόύου
571 2776 676 2845 τεκαὶ
697 2778 879 2855 ἀποςάσεως
893 2779 913 2843 ό
918 2828 928 2859 ,
940 2802 976 2843 τε
997 2765 1174 2867 Ᾰμόίορυξ,

102 2885 183 2953 καὶὸ
203 2879 417 2963 Κατίύουλκος
432 2879 576 2979 ήρξαντο.
592 2883 690 2951 Αὐτοὶ
711 2881 843 2977 μὲνγὰρ
865 2886 895 2949 ἐν
916 2892 954 2975 τῇ
969 2890 1051 2973 σρῶν
1071 2884 1177 2973 χώρᾳ,

102 3002 148 3077 τῷ
175 3017 211 3059 τε
238 2986 358 3077 Σαόίνῳ
383 2991 434 3058 καὶ
461 3000 507 3077 τῷ
536 2992 649 3081 Κόττορ
674 2994 713 3069 ἐνι
728 2994 806 3057 πᾶσι
831 2990 1007 3082 πράγμασιν
1034 2988 1174 3081 ἑτοίμους

102 3100 231 3176 ἐαυτοὺς
244 3099 473 3191 παρασχόντες,
488 3094 539 3164 καὶ
557 3103 640 3165 σῖτον
655 3095 695 3174 εἰς
711 3093 754 3164 τδι
766 3088 915 3188 χειμάδια
928 3097 1174 3189 συνενεγκόντες,

101 3206 191 3283 τέλος
207 3212 275 3282 ταῖς
294 3215 350 3271 τοῦ
365 3190 602 3296 Ῐνδουκιομάρου
617 3202 668 3271 καὶ
688 3212 750 3270 τῶν
764 3202 914 3296 Τρεύίρων
930 3201 1083 3296 ἀγγελίαις
1104 3203 1174 3268 ἀνε-

100 3310 352 3393 πείσθησαν,καὶ
374 3310 457 3387 εὐθὺς
482 3312 553 3388 τοὺς
574 3318 657 3400 σφῶν
678 3311 917 3402 ἐποτρύναντος,
931 3312 1003 3384 τοὺς
1021 3316 1083 3373 τῶν
1104 3294 1173 3374 Po)-

103 3418 202 3513 μαίων
230 3406 375 3495 ξυλευτδις
403 3410 434 3493 ἐξ
457 3407 693 3510 ἀπροσδοκήτου
721 3410 903 3498 συνόλαόον,
917 3412 968 3500 καὶ
997 3415 1049 3480 σὺν
1073 3422 1174 3507 πολλῇ

103 3528 221 3618 ςρατιᾷ
239 3531 285 3609 τῷ
299 3532 362 3589 τῶν
376 3509 524 3614 Ρωμαίων
545 3526 749 3616 χαρακώματι
762 3516 984 3615 προσέύαλλον.
999 3506 1118 3594 Επειδὴ
1138 3514 1174 3587 δὲ

102 3636 187 3699 ὅπλα
207 3625 357 3709 λαθόντες
381 3629 464 3707 εὐθὺς
483 3630 511 3697 οί
530 3614 686 3722 Ῥωμαῖοι,
701 3631 757 3697 τοὺ
771 3631 921 3722 ἐρύματος
935 3621 1107 3709 ἐπόθησαν,
1122 3627 1173 3695 καὶ

103 3730 146 3805 δι’
168 3738 232 3813 ἐνὸς
256 3746 311 3803 τοῦ
338 3727 534 3828 ςρατοπέδου
561 3738 668 3827 μέρους
694 3734 743 3803 ἐπὶ
769 3739 841 3813 τοὺς
865 3732 1029 3826 πολεμίους
1056 3736 1171 3825 ἐκπεμ-

102 3844 227 3934 φθέντες
242 3823 346 3935 ίύηρες
365 3842 443 3919 τινὲς
462 3842 561 3920 ἱππεῖς
576 3842 829 3934 ἱπποκράτησαν,
844 3843 918 3909 τότε
935 3833 975 3914 δή
995 3848 1051 3906 τοῦ
1070 3841 1117 3907 ἔτι
1135 3842 1173 3907 τὸ

101 3951 276 4043 χαράκωμα
298 3949 388 4041 αἱρεῖν
412 3950 595 4043 ἀπογνόντες
616 3950 645 4015 οἱ
663 3949 822 4039 πολέμιοι,
842 3958 897 4025 τῆς
921 3948 974 4038 μὲν
1001 3941 1175 4039 προσύολῆς

102 4058 289 4126 ἐπαύσαντο·
309 4066 348 4149 τῇ
372 4048 407 4121 δὲ
430 4064 512 4145 σφῶν
528 4054 647 4146 συνθείρι
660 4052 745 4131 τινὰς
767 4064 828 4124 τῶν
843 4039 992 4145 Ρωμαίων
1009 4052 1049 4129 εἰς
1062 4054 1171 4142 σόλλο,

103 4190 156 4257 γον
171 4156 357 4235 συνεόύήσαν
370 4210 379 4243 ,
394 4163 470 4253 ἔχειν
490 4162 521 4231 τὶ
542 4165 646 4240 αὐτοῖς
668 4160 776 4244 εἰπεῖν,
790 4158 815 4246 ᾧ
828 4157 871 4227 τὰ
888 4152 1021 4257 διάρορα
1038 4150 1173 4229 διαλύειν

101 4268 438 4363 ἐλπίσειεν,λε’γοντις.
