3000 5025
319 492 392 573 114
520 489 547 553 J.
577 484 734 553 causi
763 484 1175 557 conuuuranu

312 618 506 688 multatibus
534 642 602 685 non
629 642 732 711 ⁴posse
761 616 918 712 deinceps
945 618 983 685 in
1018 620 1227 711 provinciam
1253 620 1387 690 reverti.

311 728 419 795 Tanto
441 724 487 793 illi
509 727 619 793 acrius
643 726 785 810 instare;
797 737 893 792 tanto
906 722 1047 793 alacrius
1059 724 1170 794 Gallia
1182 728 1293 795 omnis
1308 752 1387 796 con·

308 835 447 928 spirare.
470 830 562 901 Nihil
585 829 889 925 econtingentibus
910 833 1088 920 omissum3
1102 856 1218 927 preces
1234 832 1388 927 pollicitis

311 940 544 1025 stimulantum
562 953 596 1007 et
617 940 673 1032 qui
684 964 724 1007 se
741 936 929 1006 rebellionis
946 939 983 1005 in
999 941 1191 1027 Romanos,
1207 964 1247 1009 ac
1259 939 1388 1033 -gallicae

307 1046 471 1116 libertatis
493 1061 646 1115 auctores
667 1044 817 1139 profiteri
839 1048 910 1117 ausi
929 1061 1056 1133 essent,
1073 1046 1124 1115 bis
1139 1047 1286 1141 ingentia
1304 1072 1387 1143 prae·

310 1156 376 1221 mia
386 1168 634 1249 proponuntur.
647 1150 737 1219 Illud
751 1152 900 1245 primum
914 1155 1163 1246 maxinmmque
1180 1152 1388 1243 delboram

310 1260 450 1355 qualiter
462 1265 594 1346 Caesar,
612 1260 644 1327 si
663 1258 749 1327 forte
768 1259 900 1346 redeat,
918 1284 940 1327 a
954 1258 1218 1355 suislegionibus
1227 1286 1387 1356 segrege·

305 1382 364 1436 tur
384 1393 391 1435 :
413 1368 495 1435 illud
514 1382 629 1435 tamen
660 1366 750 1433 baud
777 1361 911 1433 difficile
941 1366 1035 1434 sactu
1063 1392 1137 1436 esse
1166 1367 1388 1457 confirmant,

307 1474 398 1569 quod
421 1498 544 1568 neque,
562 1472 699 1541 absente
719 1471 824 1559 dirce,
844 1470 923 1541 loco
953 1498 988 1541 se
1007 1498 1146 1541 movere
1172 1474 1319 1543 audeant
1342 1476 1388 1545 le·
1484 1567 1485 1570 Ἴ

307 1583 442 1676 glories,
459 1605 569 1675 neque
595 1579 637 1648 ad
656 1604 714 1647 eas
736 1580 806 1647 dux
826 1580 1039 1648 incomitatus
1065 1580 1224 1649 accedere
1248 1607 1256 1649 :
1281 1583 1388 1652 ruodo
1484 1675 1485 1682 ἵ

306 1690 348 1756 sit
370 1688 508 1782 aliquis,
531 1689 586 1781 qui
609 1685 694 1755 illius
721 1688 769 1758 rei
790 1685 984 1785 facultatem
1003 1687 1181 1780 impediat,
1199 1713 1265 1756 noc
1285 1691 1387 1758 unias
1484 1695 1485 1778 J

306 1794 450 1863 bominis
469 1818 592 1863 nomen
611 1808 701 1863 totus
725 1793 815 1861 orbis
831 1792 1019 1861 exhorreat.
1045 1795 1219 1865 Postrema
1231 1796 1388 1890 quisqtris
1483 1877 1486 1894 λ

307 1927 378 1969 rem
401 1926 497 1969 casus
519 1902 702 1999 exceperit,
723 1902 826 1968 satius
847 1924 918 1967 esse
941 1899 1049 1968 multo
1075 1902 1137 1969 sub
1157 1904 1304 1997 propriis
1333 1928 1387 1972 ac
1484 1983 1485 2000 1

304 2010 367 2076 mis
385 2008 488 2095 mori,
506 2031 606 2101 quam
623 2007 684 2075 sub
704 2021 842 2077 externo
860 2006 943 2101 jugo
962 2009 1093 2095 vivere,
1111 2008 1284 2103 multoque
1301 2009 1387 2079 tale·
1484 2075 1485 2110 ἒ

303 2113 456 2202 rubibus,
467 2114 557 2182 hanc
569 2128 767 2209 praeseutem
780 2113 882 2181 vitam
898 2113 1034 2181 brevem
1044 2114 1268 2204 etcaduearn,
1282 2140 1387 2210 qnam
1484 2124 1485 2130 ’

302 2223 474 2314 antiquam
497 2219 654 2314 gloriam,
678 2234 712 2287 et
734 2220 1016 2313 autumpnum
1038 2219 1236 2292 libertatem.
1259 2225 1322 2291 llis
1344 2247 1389 2293 ao

304 2327 529 2396 consimilibus
539 2325 682 2395 consiliis
692 2327 838 2419 agitatis,
848 2329 1013 2396 Carnutes
1027 2352 1096 2396 sese
1107 2330 1235 2423 ingenti
1245 2334 1388 2425 negotio

298 2434 405 2506 duces
426 2432 584 2501 offerunt.
614 2434 658 2499 Et
683 2456 787 2526 quum
812 2431 1016 2502 silvestribus
1042 2436 1078 2500 in
1100 2434 1202 2524 locis,
1227 2436 1289 2503 ubi
1307 2437 1388 2508 baec
1483 2451 1486 2535 ,ζ

302 2542 447 2627 fiebant,
467 2542 563 2635 copia
584 2539 740 2608 obsidum
751 2563 823 2608 non
838 2541 897 2629 sit,
915 2566 1024 2634 neque
1038 2545 1138 2610 acciri
1150 2547 1389 2638 qarearrt‚quin
1483 2538 1485 2564 ³

302 2675 354 2717 res
374 2650 409 2716 in
432 2661 585 2742 apertum
601 2661 718 2735 eneat·;
737 2670 840 2740 quam
852 2645 1097 2742 religiosissimo
1115 2674 1152 2718 se
1171 2652 1315 2719 vicissim
1333 2678 1387 2721 sa·
1483 2633 1486 2652 ’

303 2769 475 2825 cramento
497 2752 664 2848 obligant,
686 2778 728 2822 ne
747 2756 822 2848 quis
840 2752 958 2824 Gallus
977 2754 1055 2823 belli
1071 2755 1174 2824 duces
1190 2772 1307 2846 metu‚,
1325 2775 1388 2829 aut
1483 2744 1486 2778 ³

302 2887 382 2958 spe,
401 2876 459 2930 aut
480 2885 690 2954 quaeummae
718 2885 820 2930 causa
848 2860 987 2931 deserat.
1025 2863 1079 2930 Sic
1109 2862 1250 2932 firmatis
1280 2866 1387 2936 rebus
1483 2848 1486 2863 ,

302 2968 429 3056 multis,
452 2993 530 3036 cum
553 2966 706 3036 laudibus
734 2969 885 3061 ingentes
914 2970 1028 3063 gratiae
1058 2969 1265 3040 Carnutibus
1297 2989 1387 3043 acte
1484 2990 1485 2993 ’

302 3090 405 3146 sunt:
430 3090 530 3168 atque
546 3075 594 3141 ita
616 3074 771 3160 demum,
792 3076 887 3168 quasi
908 3075 1027 3166 majori
1041 3091 1139 3170 parte
1159 3080 1285 3171 negotii
1306 3104 1388 3149 con-

304 3183 406 3269 fecta,
429 3181 471 3249 ad
493 3205 553 3249 sua
573 3183 712 3275 quisque
735 3181 929 3274 digreditur.
949 3183 1030 3251 Dies
1050 3181 1166 3254 aderat
1186 3183 1278 3253 claro
1297 3211 1387 3282 prae·
1484 3174 1485 3191 ¹

300 3290 366 3360 fixa
389 3288 537 3356 facinori.
558 3291 727 3358 Carnutes
746 3301 847 3355 tantae
861 3290 910 3355 rei
929 3288 1051 3378 duces,
1070 3291 1300 3384 perditissimis
1320 3295 1386 3364 sibi

301 3395 440 3465 ducibus
458 3397 673 3490 comparatu,
697 3394 875 3464 Genaburn
895 3395 1054 3490 oppidum
1075 3397 1255 3487 invadunt,
1269 3401 1385 3471 cives·

298 3527 368 3597 que
385 3527 546 3570 romanos
566 3502 614 3569 ibi
635 3503 844 3596 negotiantes
865 3516 900 3570 et
921 3529 1058 3598 prorsus
1079 3506 1248 3593 incautos,
1269 3512 1385 3578 nomi-

297 3610 547 3678 natimCaium
569 3609 705 3676 blasium
726 3607 793 3675 illic
809 3611 975 3679 aCaesare
985 3613 1035 3679 rei
1051 3611 1275 3681 frumentaria
1294 3639 1385 3708 prae-

178 3793 179 3800 *
297 3716 1155 3812 fecurm‚h0nestumvirum,romanumqueequitem
1164 3719 1386 3811 obtruncant,

301 3849 340 3893 ac
363 3824 452 3892 bona
474 3824 586 3892 omnia
606 3835 766 3915 tanquam
788 3822 876 3892 bello
896 3839 996 3919 parta
1016 3825 1187 3920 diripiunt.
1215 3825 1312 3898 Illica
1334 3831 1385 3898 rei

293 3933 390 4000 'fama
402 3929 612 4015 diffunditur,
623 3921 682 4017 (ut
694 3944 772 3998 sunt
781 3930 872 4000 Galli
881 3956 1059 4003 minorum
1068 3932 1288 4006 serendorum
1302 3949 1384 4004 ante

295 4034 380 4109 ¹alios
402 4028 578 4125 studiosi‚)
592 4050 645 4124 ut,
657 4062 761 4131 quum
774 4037 857 4107 lucis
877 4039 973 4108 initio
988 4038 1065 4108 belli
1081 4041 1283 4134 principium
1297 4067 1383 4110 con·

295 4148 461 4232 'venisset,
479 4159 556 4213 ante
571 4145 714 4238 primam
728 4148 837 4215 noctis
853 4149 1016 4243 proximae
1032 4147 1180 4241 vigiliam
1196 4149 1245 4216 rei
1261 4151 1384 4219 notitia
