3000 5025
257 464 572 539 ιυυυιιυιιιιε
600 466 840 536 emus.
871 462 956 537 121ss
983 466 1009 536 1.
1098 464 1174 567 339

115 590 206 694 δήμου
228 612 290 669 τῶν
310 585 459 693 Ῥωμαίων
481 599 664 682 κληθέντος,
686 609 727 694 τῇ
750 610 806 679 τῆς
829 605 940 670 ἑαυτοῦ
961 602 1096 687 πόλεως,
1116 616 1174 673 τοῦ

115 710 221 800 πατρὸς
250 700 406 802 τυραννίδι
438 710 595 801 ἐπιχειρεῖν
626 707 773 773 ἀνέπεισε·
808 707 859 774 καὶ
888 710 1084 805 Δουμνόρυγα
1118 713 1173 780 τὸν

113 800 238 896 Εδουέα,
253 819 306 882 τὸν
327 809 506 882 Διύιτιακοῦ
525 824 580 879 τοῦ
600 824 656 891 τῆς
679 813 796 891 πόλεως
816 822 877 881 τῶν
900 800 1040 883 Εδουέων
1064 816 1172 910 ἀρίςου

47 1002 51 1012 ¹
113 944 143 986 τε
161 919 209 987 καὶ
224 922 337 1010 ἀρεςοῶ
350 929 397 1007 τῷ
409 920 518 995 πλήθει
531 921 634 1002 ὄντος,
647 910 798 1010 ἀδελφὸν,
811 922 908 988 ταυτὺ
927 924 1084 1016 ἐπιχειρεῖν
1103 925 1174 993 ἀνα·

113 1024 225 1109 πείσας,
248 1028 305 1100 τήν
329 1031 441 1094 ίαυτοῶ
460 1026 617 1121 θυγατέρα
637 1025 738 1111 ἐκείνῳ
761 1020 960 1121 προυξένησε,
976 1034 1069 1121 ρᾷςον
1097 1026 1172 1099 εἶναι

111 1134 223 1222 φάσκων
239 1127 417 1211 ἐξικνεῖσθαι
433 1136 550 1210 ταύτης
566 1142 621 1210 τῆς
633 1135 854 1225 ἐπιχειρήσεως.
870 1134 910 1199 Οἱ
926 1135 980 1227 μὲν
995 1134 1054 1229 γὰρ
1071 1121 1173 1213 Ελύή-

110 1241 240 1331 τιοι,ἔφη
251 1228 467 1325 ,πάντωντῶν
477 1243 605 1305 Κελτῶν
621 1229 838 1307 δυνατώτατοι
852 1233 926 1307 εἶναι
938 1246 1172 1335 ὁμολογοῦνται·

111 1345 162 1437 ἐγὼ
179 1336 214 1412 δὲ
233 1348 335 1413 αὑτῶν
350 1347 569 1440 ἀναμφιλόγως
584 1339 770 1428 ύοισιλεύσω,
784 1350 845 1423 ῶςε
864 1357 904 1441 τῇ
921 1350 952 1413 τ’
967 1350 1024 1442 ἐμῇ
1044 1339 1173 1441 δυνάμει

110 1450 153 1517 καὶ
166 1462 204 1544 τῇ
218 1455 277 1547 ἐμῇ
294 1458 409 1544 ςρατιᾷ
421 1451 478 1531 τάς
498 1449 652 1536 βασιλείας
669 1456 874 1545 ὑπισχνοῦμαι
887 1457 956 1546 ὑμῖν
969 1456 1088 1533 ταύτας
1102 1480 1174 1550 συγ·

108 1559 350 1652 κατεργάσεσθαι.
365 1563 494 1637 Τούτοις
509 1559 562 1651 μὲν
582 1554 632 1624 οὑν
650 1565 714 1637 τοῖς
727 1560 830 1653 λόγοις
843 1558 1034 1652 πειθόμενοι,
1046 1560 1097 1627 καὶ
1119 1552 1172 1629 δε-

109 1656 166 1742 ξιὰς
181 1663 232 1731 ἐπὶ
246 1669 370 1742 τούτοις
380 1656 486 1742 δόντες
497 1662 550 1731 καὶ
559 1658 727 1747 λαύύντες,
740 1664 888 1738 ἀπῆλθον·
897 1657 1131 1759 προσδοκῶντες
1146 1668 1172 1735 εἰ

107 1772 217 1849 ταύτας
233 1766 457 1849 τάςύασιλείας
467 1770 548 1863 τρισὶ
558 1772 680 1847 τούτοις
697 1770 841 1862 μεγαλοις
857 1762 966 1863 δήμοις
976 1772 1172 1865 κατάσχοιεν,

107 1868 212 1967 ῥᾳδίως
227 1872 265 1945 ἀν
281 1883 383 1945 πᾶσαν
399 1879 453 1949 τήν
470 1872 565 1949 ἀλλην
585 1874 742 1943 Γαλατίαν
756 1875 927 1969 ὑποχείριον
949 1880 1138 1953 ποιήσεσθαι.

107 2024 110 2031 -
153 1985 214 2052 IV.
229 1987 357 2051 Τούτων
377 1974 408 2051 δ’
422 1986 477 2051 οὑκ
498 1975 557 2050 οἷδ’
570 1985 654 2061 ὅπως
677 1988 741 2060 τοῖς
756 1966 923 2062 Ελύητίοις
942 1984 1174 2077 σημανθέντων,

108 2088 189 2157 αὑτοὶ
216 2092 270 2159 τὸν
293 2075 494 2185 Οργετόρυγα
515 2081 684 2172 δήσαντες,
706 2085 791 2156 κατὰ
815 2089 853 2156 τὸ
879 2088 963 2181 σφίσι
993 2092 1115 2170 σύνηθες
1142 2095 1172 2158 ἐν

106 2203 163 2274 τοῖς
181 2186 307 2288 δεσμοῖς
322 2198 415 2290 λόγον
442 2204 504 2262 τῶν
522 2195 744 2288 πεπραγμένων
765 2183 886 2261 διδόναι
906 2182 1059 2265 ἐκελεύονέ
1075 2203 1174 2265 ἑαλω-

105 2303 168 2370 κόσι
191 2293 222 2367 δ’
239 2305 325 2390 αὑτῶ
345 2295 453 2394 ζημίαν
468 2301 610 2370 ἐπέθεσαν
626 2302 663 2368 τὸ
677 2294 753 2378 ζῶον
772 2300 985 2375 καυθήσεσθοιι.
1000 2304 1116 2398 Κυρίας
1137 2296 1172 2371 δέ

107 2398 141 2483 δή
154 2409 270 2502 ἡμέρας
286 2418 342 2486 τῆς
361 2400 449 2486 δίκης
467 2407 668 2490 ἐπελθούσης,
687 2412 703 2473 ύ
725 2392 901 2501 Οργίτορυξ
919 2413 1020 2476 πᾶσαν
1043 2411 1096 2503 μὲν
1115 2414 1174 2485 τήν

106 2519 210 2584 ἐαυτοῦ
230 2515 326 2584 οἰκίαν
347 2515 387 2595 εἰς
406 2516 477 2593 τοὺς
497 2514 619 2608 μυρίους
639 2504 753 2605 ἀνδρας
773 2509 882 2597 οὖσαν,
902 2515 1077 2596 πάνταςτε
1096 2520 1172 2611 πρὸς

106 2626 222 2703 τούτοις
242 2623 314 2700 τοὺς
328 2625 479 2699 ὑπηκόους
493 2647 528 2689 τε
546 2621 598 2688 καὶ
611 2621 833 2713 χρεωφειλέτας
849 2616 1051 2712 (πάμπολλοι
1071 2614 1106 2690 δὲ
1121 2622 1174 2691 καὶ

105 2727 185 2797 οὑτοι
202 2727 280 2803 ἦσαν
292 2725 305 2815 δ
319 2728 359 2806 εἰς
373 2730 411 2796 τὸ
430 2721 583 2820 συνέδριον
598 2728 796 2820 συναγαγὼν,
817 2716 858 2790 δι’
880 2729 981 2792 αὐτῶν
1006 2728 1059 2819 μὲν
1083 2730 1174 2822 ἔτυχε

105 2837 138 2903 τὸ
161 2839 204 2929 μὴ
231 2833 289 2915 τὰς
308 2835 437 2921 εὐθύνας
454 2825 650 2902 ὑποδύεσθαι·
675 2827 802 2925 θορύύου
822 2822 852 2898 δ’
882 2833 916 2899 οὐ
945 2843 1002 2902 τοῦ
1023 2836 1173 2925 τυχόντος

105 2941 150 3010 ἐπὶ
172 2945 296 3019 τούτοις
315 2944 371 3016 τήν
396 2941 485 3009 πολιν
502 2934 755 3021 καταλαύόντος,
771 2937 822 3006 καὶ
840 2940 935 3015 αὐτῆς
954 2940 991 3006 τὸ
1007 2944 1105 3035 ἐαυτῇ·
1124 2932 1173 3007 δι-

102 3048 225 3141 καίωμα
243 3040 285 3115 δι’
300 3051 403 3116 ὅπλων
417 3046 625 3138 φυλάττεσθαι
644 3047 871 3137 ἐπιχειρούσης,
886 3051 947 3113 τῶν
968 3035 998 3110 δ’
1016 3046 1172 3140 ἀρχόντων

105 3146 267 3248 ἀνδραςέκ
285 3162 346 3222 τῶν
363 3154 462 3248 ἀγρῶν
481 3153 613 3229 πολλοὺς
633 3151 682 3220 ἐπὶ
700 3153 804 3237 τούτῳ
823 3152 1075 3244 συναγειρόντων,
1094 3180 1173 3247 μετ-

106 3255 262 3340 ηλλαξενὺ
279 3246 470 3355 Οργίτορυξ,
484 3265 559 3354 ῶςγε
572 3260 623 3327 ὑπ’
638 3261 740 3328 αὑτῶν
760 3259 967 3326 ὑποπτεύεται
987 3267 1048 3325 τῶν
1068 3246 1173 3335 Mn-

104 3365 196 3452 τίων,
210 3367 319 3434 ,ἑαυτὸν
337 3359 529 3457 ἀποσφάξας
1154 3355 1157 3362 ’

155 3475 200 3543 V.
216 3462 322 3542 Ᾰυτοῦ
340 3463 372 3538 δ’
387 3470 614 3553 ἀποθανόντος,
629 3461 716 3537 οὐδέν
736 3495 771 3535 τι
791 3467 885 3544 ήττυν
906 3469 938 3536 οἱ
962 3454 1113 3544 Ὲλύήτιοι
1135 3475 1173 3542 τδ

107 3591 160 3659 τῆς
180 3572 287 3658 ἐξόδου
303 3577 485 3673 ἐπιχείρημα
504 3578 662 3645 ἀποτελεῖν
679 3577 889 3670 ἐπειρήσαντο.
906 3560 1024 3650 Επειδὴ
1040 3578 1093 3668 μὲν
1114 3575 1173 3673 γὰρ

108 3687 224 3778 τιίχιςα
237 3684 481 3780 παρεσκευάσθαι
496 3685 652 3776 ἐνόμισαν,
663 3681 765 3760 πάσας
781 3681 834 3774 μὲν
850 3677 905 3760 τὰς
926 3683 1029 3764 πόλεις
1050 3675 1175 3754 δώδεκα

104 3793 197 3871 ούσας
208 3793 271 3878 ,τά
291 3794 321 3857 τ’
333 3789 414 3859 ἀλλα
433 3790 539 3859 πάντα
553 3782 621 3858 ίδια
642 3791 751 3866 ἐκαςος
764 3779 1000 3880 οἰκοδομήματα
1018 3791 1175 3880 καταφλέ-

98 3889 231 3981 ξαντες,
250 3898 357 3967 πάντα
374 3888 410 3964 δὲ
420 3899 475 3968 τὸν
496 3903 600 3979 σῖτον,
620 3897 698 3968 πλὴν
714 3893 748 3961 οὑ
772 3887 1004 3976 συσκευάζεσθαι
1025 3896 1149 3987 ἔμελλον
1165 3947 1175 3982 ,

102 3998 188 4086 (ἵνα
207 4016 263 4084 τῆς
283 4007 332 4073 ἐπ’
353 4002 435 4072 οἴκου
459 3994 609 4072 ἐπανόδου
634 4002 836 4096 ἀπογνόντες,
860 4000 1081 4096 προθυμότεροι
1103 4003 1174 4083 τοὺς

103 4101 261 4190 κινδύνους
282 4101 467 4179 ὑποδύοιντο
482 4106 494 4196 )
509 4111 734 4203 ἐμπρήσαντες,
749 4107 852 4195 ίκοίςῳ
871 4107 923 4199 μὲν
945 4103 1062 4200 ἄλφιτα
1076 4113 1177 4196 ἐαυτῷ
