3000 5025
295 469 366 542 522
566 481 615 558 Ac.
642 481 791 548 JULll
820 452 1088 581 cAEsARIs‘

291 604 360 671 τίαν
383 597 498 701 ἤρξατο
519 611 707 703 πορεύεσθαι.
729 612 771 676 Οἱ
794 601 829 677 δὲ
855 602 895 684 δὴ
916 611 1058 702 πολέμιοι
1083 607 1143 678 ὑπὸ
1168 613 1231 673 τῶν
1254 605 1289 670 ἐκ
1310 610 1366 678 τῆς

291 705 489 784 Μελοθούνου
518 719 676 813 φυγόντων
709 719 745 784 τὸ
774 721 904 811 πρᾶγμα
932 726 1027 784 τοῦτο
1053 714 1197 810 γνόντες,
1224 715 1282 784 τὴν
1315 709 1368 800 μὲν

293 822 459 888 Λευκετίαν
472 825 638 917 ἐνέπρησαν
649 824 717 907 ,καὶ
731 823 788 902 τὰς
802 827 925 899 ἐνούσας
932 825 1063 917 γεφύρας
1072 814 1227 889 διέλυσαν·
1236 814 1326 884 αὐτοὶ
1337 807 1373 880 δέ

293 927 328 992 ἐκ
345 938 401 1006 τῆς
418 927 528 1020 λίμνης
546 925 736 1014 ἐξελθόντες,
749 935 780 998 ἐν
803 938 872 1009 ταῖς
896 941 954 1001 τοῦ
973 928 1092 996 Σεκάνα
1110 926 1216 1018 ὄχθαις
1231 926 1303 994 κατ’
1326 947 1375 990 αν·
1434 965 1437 973 -

292 1020 420 1126 τιπέράν
439 1047 495 1115 τῆς
509 1038 677 1116 Λευκετίας
691 1047 737 1122 τῷ
755 1032 903 1124 Λαῶιηνῷ
915 1026 1294 1127 άντεςρατοπεθεύσαντο.

346 1141 437 1208 LIX.
458 1129 500 1208 Εν
518 1147 621 1229 τούτῳ
641 1135 676 1210 δὲ
690 1146 857 1238 ἠγγέλλετο
884 1149 900 1210 ὁ
925 1146 1047 1233 Καῖσαρ
1071 1144 1105 1208 ἐκ
1127 1150 1185 1217 τῆς
1208 1129 1374 1232 Γεργοθθῑς

294 1246 451 1332 ἀπελθὼν,
472 1249 523 1317 καὶ
542 1252 570 1318 οἱ
590 1238 717 1332 Ἑθουεῖς
742 1252 797 1317 ἀπ’
822 1255 918 1317 αὐτοῦ
941 1247 1131 1339 άφίςασθαι,
1152 1248 1183 1315 οἵ
1205 1272 1241 1312 τε
1261 1244 1375 1311 Γάλλον

292 1357 378 1440 νικᾷν
395 1355 547 1448 ελέγοντο.
562 1358 603 1424 Οἱ
621 1359 675 1449 μέν
694 1357 754 1452 γὰρ
776 1356 892 1424 Γάλλοι
912 1344 1306 1446 ἀλληλοιςθιαλεγόμενοι,
1322 1348 1375 1416 τὸν

293 1458 438 1554 Καίσαρα
464 1463 527 1531 ἀπό
550 1490 584 1532 τε
609 1475 665 1542 τῆς
681 1468 778 1542 αὐτοῦ
803 1455 897 1547 ὁδοῦ,
916 1463 969 1532 καὶ
993 1470 1050 1530 τοῦ
1076 1460 1211 1554 Λίγηρος
1235 1460 1374 1548 οἱποτρα-

211 1642 213 1648 ,
294 1567 412 1650 πέντα,
431 1571 492 1637 ὑπό
512 1596 546 1636 τε
562 1577 655 1662 λιμοῦ
684 1570 936 1664 ἀναγκασθέντα,
951 1568 991 1646 εἰς
1011 1567 1068 1636 τῶν
1087 1564 1237 1657 ἐπαρχίαν
1258 1566 1372 1657 φεύγειν

296 1663 529 1764 θιέοχυρίζοντο·
558 1679 587 1746 οἱ
617 1669 652 1744 δὲ
683 1671 873 1744 Βελλόῶακοι
898 1678 974 1768 πρὸς
1001 1675 1124 1750 τούτοις
1151 1675 1210 1746 τὴν
1231 1672 1296 1738 ἀπὸ
1322 1676 1374 1735 τοῦ

296 1778 452 1872 Καίσαρος
467 1793 528 1850 τῶν
545 1770 687 1852 Εθουέων
702 1784 856 1861 άπόςασιν
871 1783 1038 1874 μαθόντες,
1051 1778 1141 1846 αὐτοί
1153 1805 1189 1849 τι
1203 1770 1247 1844 δι’
1261 1781 1372 1844 ἑαυτῶν

297 1881 406 1964 άπιςοι
432 1896 496 1967 τοῖς
523 1876 676 1981 Ῥωμαίοις
695 1892 801 1972 ὄντες,
822 1888 985 1982 ςράτεομα
1014 1886 1217 1980 συναγείρων,
1238 1887 1373 1976 ἐμφανῶς

296 2018 331 2058 τε
357 1995 433 2083 πρὸς
458 1997 512 2063 τὸν
533 1998 667 2090 πόλεμον
690 1983 977 2088 παρασκευάζεσθαι
995 1995 1071 2061 τότε
1089 1987 1235 2085 ἤρξαντο.
1265 1975 1296 2058 ί)
1324 1988 1374 2081 μὲν

298 2096 349 2165 οὖν
368 2096 522 2182 Λαῶιηνὸς
540 2107 694 2178 τοσαύτην
716 2101 803 2194 άφνω
821 2096 974 2194 συμύῆναι
987 2110 1050 2168 τῶν
1068 2097 1264 2192 πραγμάτων
1283 2120 1374 2188 μετα-

299 2200 392 2278 ῶολῆν
404 2201 603 2297 όρῶν,ἐέοξεν
616 2215 701 2294 αὐτῷ
711 2207 850 2290 άλλως,ἢ
860 2207 1001 2301 πρόσθεν,
1009 2201 1190 2278 θουλευτέον
1198 2206 1286 2290 αὐτῷ
1295 2196 1373 2269 εἶναι.

299 2312 381 2378 Τότε
391 2338 427 2378 τε
442 2315 477 2380 ού
490 2342 520 2382 τι
532 2315 761 2408 προσκτᾶσθαι,
775 2317 846 2382 ούτι
861 2314 901 2392 εἰς
917 2314 1020 2407 μάχην
1040 2315 1095 2380 τὸν
1113 2311 1261 2403 πολέμιον
1280 2333 1375 2401 ταρα-

302 2424 416 2502 καλεῖν,
430 2418 511 2487 άλλθι
525 2423 617 2513 μόνον
628 2425 665 2490 τὸ
677 2423 840 2516 ςράτευμα
853 2431 931 2488 σῶον
946 2421 987 2499 εἰς
1002 2422 1058 2494 τὴν
1069 2409 1239 2514 Ᾰγέντικον
1254 2414 1375 2509 ἀπάγειν

302 2516 458 2597 διενοεῖτο·
471 2539 511 2622 τῇ
522 2526 643 2624 μὲνγὰρ
664 2530 692 2596 οἱ
709 2524 915 2611 Βελλόύακοι,
925 2525 1068 2622 κράτιςοι
1079 2529 1109 2593 ἐν
1123 2536 1165 2619 τῇ
1178 2523 1321 2611 Γαλατίᾳ
1329 2549 1376 2589 νο·

303 2626 1377 2729 μιζόμενοι,τι”γθέοἱΠαρίσιοιπαρεσκευασμένητικαὶπαρατεταγμίνγ

303 2748 344 2833 τῇ
363 2746 478 2833 ςρατιᾷ
494 2743 652 2809 ἐνέκειντο·
667 2744 776 2809 ἔπειτα
791 2735 826 2808 δέ
845 2768 898 2812 και
912 2768 954 2809 τα
968 2766 1063 2809 αυτου
1077 2764 1231 2833 παγματα
1244 2737 1308 2805 άπὸ
1322 2744 1377 2804 τῶν

304 2848 495 2941 σκευοφόρων
507 2849 649 2940 ποταμὸς
662 2843 832 2941 οἱπεχώριζε
845 2850 1128 2942 μέγας.Τοιγαροῶν
1141 2846 1298 2921 τοσαύτης
1310 2837 1380 2920 ἐξαί-

306 2974 380 3042 φνης
391 2958 476 3039 αὐτῷ
486 2954 667 3048 άπορίας,ἐν
681 2955 901 3049 μόνητῇάλκῇ
910 2956 966 3028 τὴν
976 2954 1131 3047 σωτηρίαν
1140 2951 1379 3043 κεῖσθαιὴγεῖτο.
1482 3047 1483 3050 ¹

332 3148 336 3159 Ι
359 3061 432 3127 LX.
444 3064 547 3129 Τοῦτο
564 3059 615 3129 οὖν
630 3063 836 3154 ἐννοφύμενος,
846 3059 1008 3134 ἐκκλησίαν
1021 3062 1157 3135 ὑπάτην,
1170 3060 1270 3128 νύκτα
1287 3058 1383 3130 ἐποιιί·
1482 3071 1483 3104 ³

308 3158 405 3249 σατο,
419 3166 470 3235 καὶ
488 3172 580 3237 πᾶσιν
600 3175 664 3246 τοῖς
688 3171 784 3236 αὐτοῦ
803 3171 1010 3260 ςρατιώταις,
1029 3162 1103 3237 ἐιθιν
1127 3165 1251 3241 ἐκείνοις
1265 3176 1382 3256 παραγ-
1482 3179 1483 3242 ζ

308 3273 419 3367 γέλλγ,
439 3277 588 3367 ἐπιμελῶς
617 3273 722 3343 τεκαὶ
749 3281 851 3352 καλῶς
869 3282 965 3341 ποιεῖν
988 3271 1314 3366 παρακελευσάμενος,
1331 3270 1383 3344 τὰς
1482 3301 1483 3360 3

309 3380 363 3469 μὲν
379 3390 470 3466 ναῦς,
485 3377 521 3459 ἃς
540 3384 569 3447 ἐν
591 3391 632 3475 τῇ
650 3372 839 3467 Μελοέούνῳ
858 3380 994 3471 είληφει,
1012 3387 1076 3457 τοῖς
1094 3380 1218 3456 ἱτπεῶσι
1236 3362 1383 3469 Ῥωμαίοις
1482 3363 1483 3400 ⁷

312 3476 465 3555 διέδωκεν·
489 3486 608 3578 ἐκείνοις
635 3486 686 3555 καὶ
712 3485 796 3555 κατὰ
821 3489 877 3574 τὸν
895 3488 1038 3580 ποταμὸν
1059 3479 1116 3557 ἐύο
1142 3485 1195 3553 καὶ
1221 3483 1384 3577 ,τριάκοντα

311 3585 426 3676 ςάθια,
446 3593 528 3686 μετὰ
546 3597 603 3669 τὴν
623 3597 751 3687 πρώτην
764 3596 919 3685 φυλακην,
932 3595 1089 3687 προϊέναι,
1102 3592 1155 3659 καὶ
1172 3590 1306 3659 ἐνταῦθα
1320 3594 1383 3656 ίαν·

311 3700 366 3767 τὸν
395 3700 551 3793 ἀναμένειν
576 3700 794 3796 παραγγείλας·
816 3702 913 3785 Ιπέντε
937 3700 991 3792 μέν
1009 3699 1157 3792 σπείρας,
1176 3694 1224 3775 αἷς
1249 3699 1286 3764 οὐ
1312 3698 1384 3764 πάνυ

314 3804 398 3900 πρὸς
412 3808 450 3874 τὸ
476 3807 628 3901 μάχεσθαι
649 3807 786 3901 ἐθάρρει,
805 3807 855 3877 ἐπὶ
873 3814 921 3894 τῷ
939 3799 1127 3900 ςρατοπέθφ
1144 3805 1305 3873 κατέλιπε·
1323 3806 1384 3877 ταῖς

314 3905 350 3981 δὲ
368 3916 461 3999 πέντε
482 3925 540 3991 τοῦ
562 3914 726 4009 τάγματος
744 3917 859 4001 τούτου
879 3920 1003 3992 λοιπαῖς
1025 3915 1061 3981 ἐκ
1082 3913 1183 4005 μέσων
1199 3919 1319 3978 νυκτῶν
1338 3909 1384 3974 ὀἐιν

314 4024 391 4087 τοῖσι
409 4029 474 4099 τοῖς
493 4022 686 4115 σκευοφόροις
704 4020 828 4097 ἐναντία
853 4030 911 4089 τοῦ
933 4029 1078 4112 ποταμοῦ
1101 4019 1176 4087 ἰέναι
1197 4020 1382 4111 παρήγγειλε·
1482 4019 1483 4074 ί

315 4128 391 4218 πρὸς
410 4130 532 4207 τούτοις
552 4119 587 4195 θέ
607 4128 659 4195 καὶ
677 4128 794 4197 οἱκοίτιά
814 4152 886 4195 τινα
911 4128 1020 4219 εὑρὼν,
1041 4136 1144 4195 ταῦτα
1168 4126 1288 4220 μεγάλη
1317 4124 1383 4215 ῥύμη
