3000 5025
273 496 585 563 INTERPRES
613 494 849 565 GRAECUS.
879 499 974 566 LIB.
1003 501 1055 567 II.
1118 496 1194 595 375

12 634 14 683 ἒ
118 630 201 714 αὐτῷ
214 625 298 721 παρὰ
312 636 369 695 τοῦ
392 612 492 695 ἐκκίου
517 627 651 694 ἐλθοῦσιν
673 628 802 722 ἡγεμόσι
819 628 1025 721 χρησάμενος,
1043 625 1197 724 Νομάδας

109 759 169 816 τε,
181 734 232 801 καὶ
243 736 374 827 Κρῆτας
389 727 540 818 τοξότας,
555 734 607 801 καὶ
624 734 782 828 Βαλιάρας
796 727 1004 827 σφενδονήτας
1013 790 1023 821 ,
1032 747 1097 817 τοῖς
1108 738 1196 807 πολί-

116 866 184 918 ταις
193 842 468 934 ἐπικουρήσοντας,
480 838 653 933 ἐπέμψατο·
663 838 703 907 ὧν
712 841 901 934 ἀφικομένων
911 852 993 926 ,τοῖς
1003 845 1056 936 μὲν
1063 830 1199 937 δήμοις,

12 986 14 1041 5
118 948 194 1039 πρὸς
214 950 272 1021 τήν
289 957 347 1015 τοῦ
363 950 420 1021 τὴν
431 946 521 1015 πόλιν
537 937 758 1038 διαφυλάττειν
768 942 893 1032 ἐλπίδα,
904 947 1022 1044 μεγαλη
1037 960 1095 1018 τοῦ
1108 952 1200 1044 μάχε·

47 1044 48 1075 ³
121 1053 188 1121 σθαι
200 1052 355 1148 προθυμία
369 1056 466 1145 ἐνίφυ·
483 1060 548 1132 τοῖς
559 1044 593 1121 δέ
608 1052 764 1146 πολεμίοις
778 1046 821 1121 δι’
831 1058 927 1129 αὐτὴν
942 1055 1061 1137 αἰτίαν,
1072 1069 1128 1125 τοῦ
1141 1062 1198 1132 τήν

118 1161 204 1229 πολιν
224 1163 391 1253 κατασχεῖν
414 1160 499 1238 ἐλπὶς
521 1164 576 1228 οὐκ
595 1162 640 1228 ἐπ’
660 1162 790 1256 ἐγένετο·
812 1166 874 1241 ὤςε
894 1165 930 1230 οὐ
952 1166 1033 1230 πολὺ
1054 1166 1101 1229 ἔτι
1123 1165 1200 1255 πρὸς
1265 1212 1273 1222 -

12 1256 14 1317 ί
118 1292 156 1361 τῃ
170 1269 260 1335 πόλει
275 1259 446 1359 διίτριψαν·
462 1264 542 1334 άλλέι
559 1268 617 1341 τήν
631 1294 667 1334 τε
681 1270 784 1361 χώραν
801 1276 864 1335 τῶν
878 1254 990 1362 θήμων
1005 1261 1201 1363 δῃώσαντες,

119 1373 169 1441 καὶ
194 1376 298 1455 πάσας
324 1400 359 1441 τε
387 1371 446 1452 τὰς
472 1377 574 1441 αὐτῶν
602 1377 729 1467 κόμας,
749 1375 802 1442 καὶ
824 1373 866 1442 τὰ
886 1368 1144 1469 οἰκοδομήματα,
1158 1373 1202 1454 οἷς

12 1500 13 1531 ³
119 1482 289 1574 ἐντύχοιεν,
304 1474 572 1572 καταφλέξαντες,
588 1486 785 1574 πανστρατιᾷ
799 1482 850 1549 ἐπὶ
863 1483 917 1549 τὸν
932 1482 1080 1575 Καίσαρα
1098 1488 1203 1576 ὥρμη·

12 1576 13 1583 ¹
121 1613 197 1671 σαν,
212 1586 265 1655 καὶ
283 1580 315 1665 ἐξ
330 1587 382 1655 καὶ
397 1578 474 1655 δέκα
488 1579 587 1665 ςάδια
607 1590 662 1657 ἐπ’
677 1592 773 1655 αὐτοῦ
787 1578 1105 1681 ἐςρατοπιδεύσαντο·
1118 1593 1156 1657 τὸ
1171 1580 1202 1654 δ’

120 1697 221 1761 αὐτῶν
237 1685 469 1788 στρατόπεδον,
481 1701 520 1772 ὡς
535 1694 587 1762 καὶ
606 1707 652 1785 τῷ
671 1706 779 1783 καπνῷ
796 1693 849 1762 καὶ
870 1704 934 1774 τοῖς
956 1704 1081 1790 πυρσοῖς
1103 1692 1138 1769 ἦν
1159 1722 1208 1761 τε·

122 1800 323 1896 αμαίρεσθαι,
337 1808 440 1869 πλεῖον
464 1794 616 1878 ἐξήκοντα
632 1800 789 1895 τεσσάρων
804 1792 923 1879 ςαδίων
937 1804 977 1869 τὸ
995 1800 1079 1896 εὖρος
1099 1805 1203 1870 ἔτεινε.

171 1909 272 1977 VIII.
287 1893 317 1974 0
335 1908 441 2000 μέντοι
462 1910 588 2003 Καῖσαρ
607 1910 645 1977 τδ
668 1910 720 2003 μὶν
740 1918 884 2001 πρῶτον,
900 1900 954 1975 διέι
971 1911 1010 1977 τό
1020 1962 1029 1992 ,
1045 1934 1080 1975 τε
1102 1912 1203 1975 αὐτῶν

120 2014 251 2097 πλῆθος,
266 2013 318 2081 καὶ
331 2016 388 2088 τὴν
407 2010 492 2081 κατέι
505 2016 558 2081 τὸν
580 2016 714 2107 πόλεμον
729 2018 831 2081 αὐτῶν
846 2006 1004 2099 εὐδοξίαν,
1018 2010 1205 2108 συμόαλλειν

48 2211 50 2217 s
123 2124 227 2200 αὐτοῖς
242 2124 276 2187 οὐ
291 2112 410 2215 διέγνω·
424 2117 505 2188 άλλέι
519 2124 610 2214 μόνον
625 2122 914 2214 ίππομαχίαις,τῆς
928 2145 964 2187 τε
977 2132 1039 2188 τῶν
1051 2118 1206 2213 πολεμίων
1302 2126 1305 2132 ’

121 2226 234 2310 ἀλκῆς,
250 2230 302 2295 καὶ
324 2237 380 2305 τῆς
404 2236 465 2294 τῶν
485 2232 597 2295 ἑαυτοῦ
617 2230 756 2322 τόλμης,
771 2235 877 2321 πεῖραν
897 2222 1079 2320 ἐλάμόανεν·
1098 2229 1208 2296 ἔπειτα

123 2324 157 2400 δὲ
175 2334 249 2412 τοὺς
265 2338 375 2401 ἑαυτοῦ
395 2337 451 2400 οὐκ
474 2326 629 2402 ἐνδιδόναι
649 2343 714 2412 τοῖς
738 2327 896 2427 πολεμίοις
921 2326 1012 2418 ἰδὼν,
1027 2336 1125 2403 τόπον
1151 2335 1206 2425 μὲν

122 2438 191 2507 τινὰ
212 2440 290 2533 πρὸς
304 2440 342 2507 τὸ
356 2438 568 2534 παρατάττων
585 2444 641 2517 τὴν
656 2432 981 2538 ςρατιὰν-ίπιτήδεισν
1000 2441 1130 2534 πρόσθεν
1147 2452 1205 2507 τοῦ

122 2539 320 2641 ςρατοπίδου
344 2541 514 2625 ἐξελέξατο·
534 2559 630 2617 τοῦτο
652 2550 706 2641 μέν
727 2544 786 2640 γὰρ
804 2549 843 2613 τὸ
857 2550 944 2640 όρος,
959 2551 1037 2615 ὅπου
1050 2550 1089 2616 τὸ
1109 2573 1206 2638 στρα·

123 2645 259 2722 τόπεδον
278 2652 427 2736 ἐκάθητο,
441 2653 543 2748 ὀλίγον
559 2656 592 2721 ἐκ
610 2664 666 2731 τῆς
685 2643 836 2730 πεδιάδος
853 2652 999 2743 ὑψωθεὶς,
1014 2663 1148 2720 τοσοῦτο
1166 2653 1206 2730 είς

123 2761 161 2828 τὸ
174 2760 347 2853 πρόσαντες
361 2761 399 2828 τὸ
414 2758 497 2853 εὖρος
511 2762 638 2842 ἔτεινεν,
652 2763 722 2826 όσον
736 2764 756 2832 ἡ
772 2763 867 2826 αὐτοῦ
882 2757 998 2851 ςρατιέι
1009 2785 1209 2853 παρατεταγ-

127 2867 202 2958 μένη
217 2869 365 2961 περιέχειν
379 2855 526 2941 ἠδύνατο·
543 2867 650 2934 ἔπειτα
665 2857 685 2930 δ
688 2866 700 2930 ἐ
714 2864 782 2931 καθ’
795 2863 910 2942 ἐκάςην
924 2864 979 2957 μὲν
991 2873 1055 2931 τῶν
1067 2871 1206 2956 πλευρῶν

126 2975 308 3064 καταφερὴς
317 2970 365 3056 ἦν,
374 2970 460 3040 κατὰ
470 2964 505 3038 δέ
518 2973 557 3040 τὸ
569 2969 736 3065 ἔμπροσθεν
752 2973 824 3038 κατ’
834 2969 935 3064 ὀλίγον
949 2965 1206 3064 παρωξυμμένος,

127 3081 237 3147 ἔπειτα
257 3076 340 3145 κατὰ
356 3080 460 3172 μικρὸν
476 3078 624 3172 ἰσομαλής
640 3079 770 3172 ἐγένετο·
786 3087 880 3156 τοῦτο
895 3078 949 3169 μὲν
964 3079 1001 3144 τὸ
1016 3078 1084 3170 ὅρος
1101 3079 1207 3145 ἐκατέ-
1274 3091 1277 3095 ’
1326 3087 1328 3093 ’

128 3185 220 3278 ρωθεν
240 3190 256 3251 ό
277 3187 401 3276 Καῖσαρ
424 3183 518 3277 ἀμφὶς
546 3187 619 3262 τοὺς
643 3185 796 3274 τέσσαρας
823 3175 953 3261 ςαδίους
980 3175 1206 3276 διετάφρευσεν·

128 3289 213 3358 κατὰ
232 3281 268 3357 δέ
287 3292 325 3359 τὸ
346 3291 477 3382 ἔσχατον
501 3293 621 3358 τούτων
645 3297 707 3356 τῶν
728 3297 855 3382 ταφρῶν
873 3292 1013 3382 ἐρύματα
1031 3285 1102 3356 τινέε
1115 3317 1208 3357 κατε-

129 3396 325 3480 σκευάσατο,
339 3397 392 3464 καὶ
409 3397 541 3464 ἐνταῦθα
557 3396 613 3475 τέις
629 3393 769 3489 μηχανὰς
784 3396 951 3480 κατέθηκε,
965 3396 1008 3488 ριέι
1023 3397 1051 3464 οἱ
1064 3407 1211 3464 τοσοῦτοι

128 3505 166 3572 τὸ
188 3503 305 3580 πλῆθος
323 3504 408 3582 όντες
421 3507 583 3596 πολέμιοι,
596 3506 631 3571 ἐκ
647 3510 710 3569 τῶν
727 3500 865 3597 πλαγίων
886 3505 959 3582 τοὺς
981 3508 1093 3570 ἑαυτοῦ
1108 3530 1208 3595 μαχο-

131 3611 239 3702 μένους
260 3609 443 3680 κυκλοῦσθαι
462 3601 616 3677 δύναιντο.
629 3613 741 3676 Ταῦτα
760 3608 983 3703 ποιησάμενος,
998 3609 1050 3678 καέ
1072 3606 1115 3676 τὰ
1132 3602 1211 3694 δύο,

132 3711 152 3781 ἐι
164 3714 258 3803 νεωςέ
271 3718 300 3782 ἐν
322 3725 364 3810 τῇ
383 3701 493 3808 ἐταλίορ
505 3710 694 3794 κατελέξατο
705 3765 714 3798 ,
728 3713 881 3811 τάγματα
894 3719 924 3783 ἐν
943 3727 990 3804 τῷ
1003 3708 1209 3810 ςρατοπέδῳ,

130 3823 181 3888 ’ίνα
196 3821 224 3890 εί
241 3847 273 3888 τι
288 3813 357 3890 δίον
379 3821 442 3905 εἴη,
455 3821 627 3917 ἐπικουρίας
646 3819 728 3889 αύτέι
748 3819 831 3918 άγειν
853 3815 1000 3906 δύναιτο,
1013 3825 1210 3906 καταλιπὼν,

131 3925 237 3996 τᾶλλα
249 3922 283 4006 ἐξ
291 3929 441 4025 τάγματα
450 3929 593 4026 ἐπροσθεν
608 3939 666 3997 τοῦ
674 3922 872 4022 ςρατοπέδου
885 3923 1096 4022 παρετάξατο.
1108 3929 1172 4001 Καὶ
1183 3929 1213 3997 οἱ

135 4035 189 4126 μὲν
197 4037 341 4128 πολέμιοι
351 4043 446 4105 τοῦτο
456 4028 592 4122 ἰδόντες,
602 4037 749 4115 ὡσαύτως
759 4039 816 4111 τήν
824 4062 859 4104 τε
868 4045 952 4128 σφῶν
964 4038 1000 4104 ἐκ
1008 4047 1065 4104 τοῦ
1072 4061 1213 4130 στρατο-

133 4132 233 4209 πέδου
245 4135 392 4238 ἐξήγαγον
405 4142 572 4239 στρατιὰν,
585 4143 637 4212 καὶ
649 4142 690 4223 εἰς
704 4143 807 4237 μάχην
821 4147 917 4218 αὐτην
931 4138 1161 4236 παρετάξαντο.
1197 4150 1201 4166 “

960 4263 1034 4362 24⁴
