3000 5025
325 467 404 564 496
612 473 650 539 c.
678 423 826 538 ιυυνι
854 470 1094 540 cAEsARIS

378 604 455 672 XV.
476 601 608 669 Πάντων
629 595 663 668 δὲ
676 610 738 669 τῶν
757 603 917 693 παρόντων
932 604 989 677 τὴν
1009 604 1121 670 ἐκείνου
1137 607 1381 699 γνώμηνέπαινε-
1468 626 1469 653 ³

325 709 460 792 σάντων,
475 715 576 776 πλεῖον
596 707 613 782 ἢ
636 707 853 785 εἴκοσιπόλεις
874 718 937 775 τῶν
963 709 1148 804 Βιτουρίγων
1171 714 1201 777 ἐν
1222 714 1277 801 μιᾷ
1295 714 1381 802 ἡμέρᾳ
1468 722 1469 751 ³

325 817 503 891 ἐκαύθησαν·
520 817 618 884 ταυτὸ
638 808 673 882 δὲ
692 814 743 882 καὶ
762 817 792 880 ἐν
810 823 879 892 ταῖς
898 811 1007 892 ἀλλαις
1024 819 1137 909 χώραις
1158 817 1267 909 ὁμοίως
1285 820 1381 884 ἐποιιῖ·
1468 878 1469 895 ,

324 949 382 1006 το,
404 922 455 989 καὶ
479 913 565 988 οὐδὲν
595 917 673 999 ἀλλο
698 919 717 995 ἢ
741 917 823 1014 πυρὰ
841 921 1040 1014 πανταχόθεν
1068 921 1219 1014 ἐφαίνετο·
1243 922 1381 1016 ὂκαίπερ
1468 922 1469 927 ¹

279 1021 281 1028 ¹
323 1029 435 1106 πάντες
466 1023 630 1121 όαρύτατα
657 1029 817 1121 φέροντες,
837 1031 920 1119 ὅμως
948 1029 1052 1116 τούτῳ
1074 1029 1320 1121 παρεμυθοῦντο,
1340 1033 1381 1097 ότι
1467 1096 1469 1115 Ι

321 1139 499 1212 νικήσαντες
521 1131 656 1218 εθθὺς,ἃ
681 1128 857 1214 ἀπέύαλον,
877 1131 1089 1223 ἀπολήψεσθαι
1107 1129 1245 1214 ἤλπιζον·
1270 1136 1381 1206 πάντων

322 1234 400 1324 δ’,ἐν
420 1253 460 1337 τῇ
480 1252 564 1336 κοινῇ
583 1241 728 1331 ἐκκλησία
743 1240 812 1333 περὶ
829 1251 885 1318 τῆς
905 1229 1062 1333 Ᾰύαρίκου
1080 1243 1199 1321 πόλεως
1219 1238 1383 1335 όουλευομί-

320 1374 398 1431 νων,
424 1348 553 1441 πότερον
580 1350 675 1421 αὐτὴν
701 1345 804 1431 καίειν,
825 1345 845 1420 ἢ
875 1338 1095 1436 διαφυλάττειν
1123 1343 1246 1440 ἀμεινον
1273 1349 1335 1431 εἴη,
1359 1349 1382 1414 οἱ

318 1457 494 1548 Βιτούριγες
502 1455 576 1545 πρὸς
584 1454 656 1531 τοὺς
665 1444 766 1530 πόδας
778 1461 840 1519 τῶν
849 1453 1009 1543 παρόντων
1019 1441 1145 1520 Γοῦιλων
1160 1464 1286 1523 παντῶν
1297 1479 1381 1547 προσ·
1468 1466 1469 1501 ³

318 1563 480 1643 πεσόντες,
495 1553 618 1627 ἐδέοντο
635 1562 676 1652 μὴ
696 1561 753 1632 τὴν
769 1558 918 1636 καλλίςην
938 1551 1048 1651 σχεδὸν
1067 1571 1124 1638 τῆς
1142 1560 1299 1640 Γαλατίας
1314 1587 1381 1652 συμ-
1468 1618 1469 1629 ,

318 1670 418 1745 πάσης
437 1667 543 1748 πόλιν,
563 1669 700 1757 φυλακάν
719 1692 754 1732 τε
772 1665 825 1732 καὶ
838 1666 952 1758 κόσμον
972 1676 1013 1759 τῇ
1025 1668 1160 1758 σφίτερᾳ
1175 1669 1265 1735 πολει
1282 1665 1381 1750 οὖσαν,
1468 1666 1469 1675 ’

318 1775 491 1865 αὐτόχειρες
515 1771 601 1860 κάειν·
622 1771 914 1866 ἀναγκασθήσοιντο·
940 1765 1053 1865 ρριδίως
1074 1776 1170 1846 αὐτὴν
1198 1767 1380 1867 διαφυλάξειν

314 1883 466 1975 λέγοντες·
495 1881 557 1944 ἕλει
584 1879 638 1971 μὲν
667 1876 746 1973 γὰρ,
768 1878 820 1945 καὶ
844 1886 979 1971 ποταμῷ
1006 1878 1156 1946 πάντοθεν
1184 1880 1381 1973 περιέχεσθαι,

316 1987 367 2054 καὶ
385 1984 557 2065 ςενοτοίτην
578 1987 668 2076 μόνον
689 1977 807 2052 εἴσοδον
827 1983 898 2076 μίαν
922 1987 1011 2076 ἔχειν·
1031 1983 1153 2064 ἐκείνοις
1174 1987 1230 2078 μὲν
1249 1985 1298 2054 οὖν
1316 1977 1380 2080 οὐχ·

316 2085 438 2188 γνώμην
449 2087 708 2185 αἰτοῦσιίπρῶτον
724 2092 777 2184 μὲν
790 2090 1027 2182 μεταπείθοντος
1037 2103 1093 2158 τοῦ
1101 2095 1379 2188 Βερκιγγετόρυγος,

274 2249 278 2261 „
315 2203 423 2268 ἔπειτα
433 2191 480 2282 δὲ,
488 2202 589 2264 αὐτῶν
599 2189 748 2290 δεομένων
757 2248 766 2279 ,
776 2196 827 2262 καὶ
838 2189 891 2262 διὰ
902 2196 1074 2265 τὸπάντων
1085 2207 1147 2264 τῶν
1155 2199 1285 2268 Γάλλων
1298 2202 1379 2278 ἕλεος,

316 2300 580 2402 συγχωροῦντος)
605 2305 810 2398 συγγνόντες,
835 2304 952 2381 ἱκανοὺς
979 2314 1036 2382 τῆς
1061 2305 1180 2383 πολεως
1208 2307 1377 2399 ἀπομάχους
1468 2311 1469 2314 ’

308 2407 442 2492 ἐξεῖλον,

367 2522 463 2589 XVI.
484 2503 513 2584 O
538 2510 573 2585 δὲ
595 2509 633 2592 δὴ
661 2513 900 2613 Βερκιγγίτορυξ
918 2519 1058 2587 ελάσσονι
1080 2530 1137 2587 τοῦ
1164 2521 1305 2599 εἰωθότος
1321 2511 1377 2607 ὁδῷ

314 2640 360 2717 τῷ
386 2627 519 2718 Καίσαρι
543 2625 701 2717 ἐφείπετο,
727 2626 826 2693 καὶέν
851 2618 958 2692 ἑλώδει
983 2627 1018 2691 τὲ
1043 2626 1095 2692 καὶ
1122 2617 1280 2720 δρυμώδει
1301 2628 1377 2712 τόπῳ

314 2740 415 2829 ὀχυρῷ
429 2724 770 2825 ςρατοπεδευσάμενος,
785 2730 918 2798 ἐντεῦθεν
940 2723 994 2797 διὰ
1013 2734 1220 2800 κατασκόπων
1239 2745 1325 2827 τινῦν
1343 2731 1378 2798 τὰ

312 2844 387 2935 πρὸς
405 2850 444 2932 τῇ
463 2839 551 2906 πόλει
566 2838 632 2904 καθ’
647 2837 761 2915 ἑκάςην
779 2842 859 2930 ὥραν
882 2839 1085 2931 πραττόμενα
1103 2837 1212 2906 πάντα
1231 2840 1377 2935 ἐγίνωσκε,

312 2947 363 3014 καὶ
387 2944 407 3014 ἃ
431 2944 622 3038 πράττεσθαι
642 2944 739 3027 θελοι,
760 2948 957 3037 παρήγγειλε·
985 2950 1056 3022 τοὺς
1077 2936 1111 3012 δὲ
1135 2931 1314 3036 ῥωμαίους,
1331 2950 1375 3012 ότι
1468 2933 1469 2996 f

311 3054 360 3121 ἐπὶ
384 3048 440 3130 τάς
461 3048 617 3145 προνομὰς
645 3045 748 3128 ἐξίοιεν
774 3061 983 3143 παρατηρῶν,
1009 3042 1242 3145 διεσπαρμένοις
1264 3058 1375 3133 αὐτοῖς,

310 3160 405 3227 ὁπότε
418 3160 522 3251 πόρρω
541 3167 597 3224 τοῦ
613 3154 709 3224 ἀλλον
725 3158 941 3248 ςρατεύματος
960 3157 1132 3251 ἀναγκαίως
1145 3155 1299 3269 προΐοιεν,
1313 3160 1375 3224 ἐπί·
1468 3227 1469 3256 γ

311 3292 410 3349 κειτο,
425 3268 476 3333 καὶ
494 3262 598 3331 πολλὰ
616 3264 727 3341 αὐτοὺς
747 3264 942 3356 ἐκακούργει,
955 3264 1063 3356 καίπερ
1083 3273 1145 3330 τῶν
1165 3265 1314 3356 Ρωμαίων
1334 3264 1373 3353 ἐφ’

309 3376 379 3439 όσον
402 3364 555 3446 ἠδύναντο
580 3372 807 3461 προνοούντων,
820 3379 877 3435 ’τοῦ
906 3371 936 3435 ἐν
956 3368 1091 3462 ἀορίςοις
1119 3382 1253 3465 καιροῖς,
1267 3372 1316 3440 καὶ
1338 3362 1372 3435 δι’

309 3470 389 3547 ὁδῶν
407 3470 560 3570 διαφόρων
576 3476 660 3543 ἰέναι.

361 3568 516 3654 XVU'O
539 3576 574 3649 δὲ
593 3585 717 3674 Καῖσαρ
741 3584 841 3673 ταύτθ
863 3593 919 3658 τῆς
943 3581 1113 3677 πόλεωςιθ
1130 3543 1325 3660 δέειλιπόντος
1342 3586 1381 3647 τι
1468 3561 1469 3586 ³

308 3704 363 3761 τοῦ
382 3700 527 3782 ποταμοῦ
545 3687 596 3755 καὶ
615 3698 671 3759 τοῦ
686 3690 790 3770 ἕλους,
804 3691 877 3765 ςενὴ
898 3685 934 3760 ἦν
956 3715 1004 3766 τις
1022 3681 1155 3772 εἴσοδος,
1170 3680 1371 3784 ςρατοπεδευ-

309 3800 457 3890 σάμενος,
471 3794 563 3888 χῶμά
584 3794 609 3860 θ’
623 3788 791 3886 ἡτοίμαζε,
805 3794 858 3860 καὶ
878 3794 1018 3886 μηχανὰς
1038 3794 1148 3877 ἐποίει,
1174 3788 1230 3862 δύο
1250 3822 1286 3865 τε
1302 3797 1371 3886 πύρ·

306 3932 377 4000 γους
395 3896 606 3981 κατεσκεύαζε·
622 3903 678 3973 τὴν
695 3895 823 3993 μὲνγὰρ
839 3900 927 3967 πόλιν
945 3903 1048 3987 κύκλῳ
1064 3896 1272 3995 περιτειχίζειν
1286 3909 1305 3975 ἡ
1320 3909 1369 3966 τοῦ

307 4014 405 4080 τόπου
418 4014 505 4101 φύσις
520 4012 574 4076 οὐκ
589 4006 645 4075 εἴα.
661 4010 740 4084 Τοὺς
755 3998 790 4073 δὲ
804 4004 910 4087 Βοίους
924 4010 954 4072 ἐν
969 4010 1088 4093 τούτῳ,
1103 4008 1241 4085 καὶτοὺς
1255 3995 1368 4080 mausz<

305 4114 348 4185 τά
366 4108 527 4191 ἐπιτήδεια
541 4122 580 4208 τῇ
596 4118 692 4211 αύτοῦ
704 4118 823 4207 ςρατιᾷ
835 4099 965 4206 πορίζειν
979 4125 1157 4207 παραινῶν,
1170 4118 1225 4182 οῦκ
1239 4116 1368 4182 ἐπαύετο
