3000 5025
249 523 559 593 INTERPRES
587 473 826 593 GRAEcu's.
856 525 952 591 Lm.
981 523 1048 592 v1.
1111 514 1187 607 ,τοι

118 657 341 748 χαρακώματος
362 649 582 748 έξεπεπύμφει,
597 660 652 723 οὐκ
671 657 720 723 ἐπὶ
747 657 841 752 ὀλίγιρ
855 651 951 725 τοῦτο
967 648 1074 730 δεῆσαι
1092 663 1187 724 ποιεῖν

120 752 282 829 διδάσκων.
303 762 390 830 Πολύ
410 753 439 828 δ’
463 765 492 828 ἐν
519 774 559 857 τῇ
587 771 649 829 τῶν
677 762 829 855 πολεμίων
859 761 974 857 ταχίςηγ
993 754 1116 853 ἐφόδῳ,
1136 763 1188 830 καὶ

119 864 232 958 μάλιςα
259 870 289 934 ἐν
320 879 360 962 τῇ
389 868 507 934 ἐκείνων
535 866 757 964 ἀποχωρήσει(
770 871 840 946 τοὺς
860 871 913 961 μὲν
939 868 997 964 γάρ
1023 869 1187 962 πολεμίους

120 974 206 1050 αὐτὸς
226 974 289 1041 ἀπὸ
306 984 369 1041 τῶν
385 986 441 1042 τοῦ
460 967 657 1068 ςρατοπέδου
676 983 780 1044 πυλῶν
797 967 908 1067 σχεδὸν
927 965 1117 1069 ἀπετρύπει)
1131 979 1187 1051 την

119 1080 210 1169 τύχην
226 1071 393 1155 δυνηθῆναι
408 1083 493 1176 ἔγνω.
510 1083 642 1149 Πάντων
659 1074 694 1149 δὲ
709 1085 828 1150 τούτων
843 1082 1073 1175 θαυμαςάτερον
1091 1092 1186 1148 τοῦτο

120 1175 215 1262 ἔδοξεν
235 1190 323 1274 αὐτῷ
341 1183 424 1254 εἶναι·
449 1189 477 1255 οἱ
503 1188 633 1284 μὲνγὰρ
653 1188 802 1282 Γερμανοὶ
829 1187 879 1255 ἐπὶ
898 1191 936 1257 τὸ
955 1191 1012 1262 τὴν
1038 1197 1094 1254 τοῦ
1111 1176 1186 1280 Ᾰμ-

120 1285 252 1386 ύιύρυγος
270 1289 428 1373 ληίζεσθαι
452 1298 554 1388 χώραν
581 1297 633 1362 τὸν
657 1281 754 1370 Ρῆνον
779 1287 965 1376 διαύάντες,
983 1297 1090 1361 ἔπειτα
1111 1295 1186 1385 πρὸς

118 1398 152 1464 τὸ
178 1410 232 1466 τοῦ
263 1402 436 1495 Κικέρωνος
465 1401 694 1494 ἀποτραπέντες
718 1402 911 1494 χαράκωμα,
938 1409 985 1486 τῷ
1014 1389 1186 1493 Ᾰμύιύρυγι

116 1502 237 1596 ἰσχυρῶς
252 1505 447 1600 ἐχαρίσαντο.

165 1614 291 1681 XLIII.
316 1616 402 1680 Πολὺ
430 1605 464 1680 δὲ
493 1615 619 1682 Γάλλων
639 1620 655 1681 ὁ
675 1617 795 1707 Καῖσαρ
824 1581 1029 1707 συναθροίσας.
1051 1614 1184 1700 πλῆθος,
1252 1696 1254 1701 Ι

118 1719 170 1790 τὴν
184 1730 245 1785 τῶν
258 1705 439 1813 Εέουρύνων
447 1715 602 1800 ληίζεσθαι
615 1724 717 1813 χώραν
732 1721 824 1787 πάλιν
837 1726 969 1812 ὥρμησε·
982 1719 1034 1787 καὶ
1047 1719 1183 1788 πάντοσε

118 1826 222 1903 αὐτοὺς
237 1816 444 1918 διαπέμπων,
460 1827 561 1905 πάσας
579 1853 614 1894 τε
631 1825 687 1904 τδις
703 1829 829 1918 κώμας,
847 1826 899 1894 καὶ
915 1825 1022 1893 πάντα
1039 1824 1081 1893 τὰ
1099 1825 1184 1894 οίκο-

120 1920 299 2024 δομιίματα,
312 1929 355 2011 οἷς
370 1935 520 2029 ἐντύχοιεν
530 1934 640 2018 ,καίειν
650 1936 861 2027 παρήγγειλεν·
875 1933 970 2010 πολὺς
984 1934 1037 2024 μὲν
1051 1933 1183 2000 ἐνταῦθα

118 2034 254 2108 ηλίσκετο
267 2037 348 2105 λεία.
364 2024 393 2104 O
412 2030 445 2105 δὲ
460 2048 544 2118 σῖτος
565 2044 598 2106 οὐ
614 2041 706 2130 μόνον
726 2041 786 2106 ὑπὸ
806 2042 955 2107 τοσούτου
972 2030 1090 2132 ἀνδρῶν
1106 2043 1183 2115 πλη·

30 2221 32 2226 Ι
120 2139 200 2226 δους,
228 2143 280 2212 καὶ
309 2147 459 2213 τοσούτου
484 2141 653 2241 ὑποζυγίων
682 2146 775 2237 ὄχλου
803 2145 1003 2228 ἀνηλίσκετο,
1020 2142 1100 2212 ἀλλά
1130 2145 1182 2214 καὶ

118 2257 153 2340 τῇ
173 2275 205 2316 τε
224 2262 280 2319 τοῦ
300 2252 387 2328 ἔτους
403 2257 466 2344 ὥρα
482 2251 532 2320 καὶ
552 2260 616 2330 τοῖς
633 2246 757 2345 ὅμύροις
770 2245 910 2330 ἐξαισίοις
926 2252 1000 2318 τότε
1019 2248 1099 2335 οὖσι,
1121 2279 1180 2320 κα-

116 2354 387 2441 τεκλίνετο,ὥςέί
398 2383 474 2436 τινες
489 2369 550 2425 τῶν
566 2358 717 2451 πολεμίων
730 2384 750 2425 κ
768 2353 890 2436 υέέντες
898 2360 972 2426 τότε
986 2360 1037 2424 τὸν
1047 2356 1180 2426 θάνατον

117 2459 284 2558 ἀπέφυγον,
310 2461 394 2532 οὗτοι
413 2467 495 2558 ὅμως
519 2463 641 2532 καὶτοῦ
664 2475 725 2531 τῶν
744 2385 893 2558 δωμαίων
916 2475 1033 2559 ςρατοῡ
1052 2466 1179 2557 ἀποχω-

118 2572 256 2658 ρήσαντος
268 2623 277 2655 ,
291 2572 353 2637 ὑπὸ
372 2570 495 2638 πάντων
521 2572 713 2667 πραγμάτων
735 2563 850 2649 ἐνδείας
873 2573 1039 2639 ἀπύλυντο·
1059 2573 1178 2638 πολλά-

117 2698 157 2751 κις
177 2666 210 2741 δὲ
228 2678 303 2747 τότε
328 2672 458 2760 συνέύη,
481 2681 632 2745 τοσούτου
661 2676 838 2769 παντάχοσε
859 2669 1101 2768 διαπεμφθέντος
1125 2677 1177 2743 ἱπ-

117 2792 200 2848 πικοῦ
211 2833 219 2866 ,
234 2786 307 2861 τοὺς
327 2783 556 2876 αἰχμαλώτους,
572 2788 629 2874 οὐχ
654 2786 736 2860 ὅπως
764 2786 875 2877 φεύγου
897 2783 923 2849 θ’
940 2784 1103 2875 ἑωρακέναι
1122 2783 1176 2851 τδν

115 2874 308 2984 Ᾰμύιύρυγα,
321 2889 401 2957 ἀλλὰ
412 2890 469 2957 καὶΙ
477 2882 543 2957 οὐδ’
559 2892 660 2981 ἀφανῆ
673 2917 722 2956 πω
737 2893 846 2957 ἐκεῖνον
860 2888 1009 2981 οἴχεσθαι,
1022 2883 1174 2957 έεέαιούν·

116 2996 171 3069 ὥςε
189 3002 244 3062 τοῦ
266 2990 566 3073 αὐτὸκκαταλαύεῖν
590 2986 713 3073 ελπίδος
733 2996 780 3062 ἀεὶ
804 2997 912 3079 ούσης,
931 2996 959 3064 οἱ
977 3004 1023 3081 τῷ
1042 2996 1176 3088 Καίσαρι

117 3108 203 3166 τοῦτο
221 3113 381 3180 ποιοῦντες
399 3101 520 3196 μάλιςα
542 3101 671 3195 οίύμενοι
689 3096 883 3197 χαρίζεσθαι,
903 3107 957 3177 την
976 3105 1063 3193 φύσιν
1082 3095 1175 3170 ἀδια-

113 3208 218 3293 λύπτιρ
232 3201 343 3301 σχεδὸν
364 3207 466 3275 ε’νίκων
485 3210 587 3295 πύνῳ,
602 3209 652 3276 καὶ
671 3207 773 3303 ὀλίγου
796 3200 903 3283 δεῆσαι
929 3218 986 3276 τοῦ
1007 3211 1176 3300 εὐτυχεςάε

117 3334 181 3389 τους
196 3316 333 3407 γενέσθαι
345 3319 439 3405 σφᾶς,
455 3316 500 3383 ἀεὶ
513 3311 659 3409 ἐνόμιζον.
677 3301 706 3381 ί)
721 3306 756 3381 δὲ
774 3307 813 3389 δὴ
829 3304 988 3407 Ᾰμέιύρυξ
1003 3317 1032 3381 ἕν
1048 3341 1083 3381 τε
1098 3321 1174 3409 ὀρῶν
1189 3305 1193 3315 “

117 3408 254 3504 ύύσσαις,
268 3424 320 3489 καὶ
338 3424 367 3487 ἐν
383 3417 485 3499 ἀλλοις
499 3422 633 3514 κρυφίοις
652 3413 767 3516 διάγων
786 3422 909 3504 τύποις,
923 3422 1032 3498 νυκτὸς
1049 3418 1095 3508 τῷ
1109 3423 1176 3491 σκύ-

116 3546 158 3587 τει
180 3528 403 3621 κρυπτόμενος,
418 3530 447 3593 ἐν
469 3525 576 3605 ἀλλαις
594 3529 646 3595 καὶ
669 3524 777 3607 ἀλλαις
795 3532 950 3595 ἐπλανᾶτο
966 3530 1099 3620 χώραις,
1118 3534 1177 3623 οὐχ

118 3627 172 3695 ὑπὸ
194 3635 338 3700 πλειόνων
353 3632 370 3707 ἢ
386 3635 541 3728 τεσσάρων
555 3633 920 3728 φρουρούμενοςίππέων,
939 3632 981 3711 οἷς
1001 3635 1103 3726 μόνοις
1118 3640 1174 3711 την

118 3734 221 3803 ἑαυτοῦ
238 3740 357 3819 ἐπίςευε
371 3734 459 3818 ζωνίν.
784 3753 787 3758 “

162 3843 284 3915 XLIV.
299 3850 353 3936 Τῷ
370 3836 423 3938 μὲν
440 3844 489 3914 οὖν
512 3846 655 3941 εἰρημένῳ
676 3847 785 3937 τρόπῳ
804 3850 861 3921 τὴν
880 3854 942 3913 τῶν
960 3832 1139 3939 Εύουρύνων
1158 3855 1176 3926 ιλ

117 3942 229 4042 Καῖσαρ
254 3944 449 4047 δηωσάμενος
467 3964 541 4048 γῆν,
566 3951 646 4044 μετὰ
668 3964 723 4021 τοῦ
742 3963 880 4047 ςρατοῦ,
904 3945 960 4019 δύο
985 3954 1075 4044 μόνον
1095 3953 1175 4020 ἀπο·

118 4041 212 4120 ύαλδιν
231 4060 374 4153 σπείρας,
393 4059 432 4137 εἰς
452 4060 538 4127 πύλιν
557 4068 618 4125 τῶν
636 4045 767 4151 Ρημων,
782 4057 1002 4154 Δηροκοντίρην
1025 4061 1173 4151 καλουμέ-

117 4176 182 4240 νην,
203 4162 394 4259 ἀπεχώρησε,
420 4166 518 4233 καὶέν
545 4168 654 4259 ταύτηγ
672 4167 773 4245 πάσης
792 4176 848 4244 τῆς
871 4164 1026 4244 Γαλατίας
1047 4158 1174 4238 σύνοδον

924 4285 990 4370 31³
