3000 5025
369 498 408 566 C.
436 497 630 567 JULIUS
658 497 847 567 CAESAR.
1105 493 1183 570 3¹25

113 630 211 723 ὥσπερ·
223 628 254 696 ἐν
267 619 459 699 διδασκάλου
464 681 477 714 .,
494 634 541 697 τὼ
554 639 634 725 χεῖρε
648 638 716 711 ταῖς
729 638 882 727 πληγαῖς,
896 630 1094 725 πεπεισμέναι
1106 633 1184 725 πρὸς

111 734 245 803 εὐτοκίαν.
256 738 415 821 κυούσαις,
436 734 556 833 ἀγόνοις
572 730 607 805 δὲ
627 766 652 806 π
654 738 702 833 ρθς
720 741 826 813 κόησιν
844 737 958 833 ἀγαθὸν
973 732 1057 805 εἶναι.
1072 742 1184 807 Ταῦτα

22 850 36 937 J'
109 841 266 935 Καῖσαρέθ
237 848 364 927 εεάτο,
380 870 421 911 κα
421 843 578 937 θόμενος’
566 844 615 913 επὶ
631 852 692 912 τῶν
710 841 878 938 ἐμόόλων’
865 870 915 913 επο
903 836 1003 937 δίφρ
1005 871 1039 911 ου
988 856 1183 937 ρχρυσοιῖ,

22 938 24 955 ¹
110 944 326 1039 θριαμόικῷ
288 976 401 1065 κοσμῳ
412 976 572 1045 κεκοσμημ
573 953 648 1029 ό.νος
667 941 823 1031 Ᾰντώνιος
840 943 877 1018 δὲ
894 959 956 1020 τῶν
975 950 1104 1018 θεόντων
1127 955 1182 1021 τόν

22 1150 23 1155 ¹
108 1052 177 1145 οερόν
198 1047 354 1149 δρόμον
329 1082 369 1135 εις
383 1053 430 1129 ἦν·
446 1056 498 1124 καὶ
518 1056 576 1188 γὰρ
605 1056 766 1125 ὑπάτευεν.
785 1043 886 1137 Ως
854 1084 904 1125 ουν
924 1057 964 1135 εἰς
988 1058 1045 1131 τήν
1068 1057 1182 1151 ἀγοράν

22 1240 23 1253 .
109 1156 237 1246 ἐνέόαλε,
254 1190 310 1230 και
320 1189 358 1231 το
344 1164 452 1238 πλη
455 1191 486 1241 ος
501 1168 585 1251 αὐτῷ
601 1156 649 1231 διό
635 1164 708 1248 έςη,
723 1166 821 1258 ρέρων
836 1156 978 1258 δοαδημα
991 1187 1114 1254 ςεφανω
1128 1155 1184 1231 δά-

22 1320 23 1359 ,
110 1290 175 1357 φνης
187 1272 482 1365 περιπεπλεγμένον,
503 1265 592 1364 ὤρεξε
621 1280 665 1359 τῷ
689 1271 835 1365 Καίσαρι.
859 1270 922 1338 Καὶ
939 1269 1055 1366 γίνεται
1072 1270 1181 1361 κρότος

22 1372 23 1375 '
109 1376 137 1438 οὐ
155 1378 315 1468 λαμπρὸς,
340 1377 408 1443 ἀλλ’
431 1375 532 1472 ὀλίγος
553 1380 587 1445 ἐκ
610 1388 815 1469 παρασκευῆς.
836 1367 1048 1470 ἀπωσαμένου
1070 1367 1106 1442 δὲ
1124 1386 1181 1444 τοῦ

22 1484 24 1495 “
107 1480 273 1574 Καίσαρος,
287 1483 369 1559 ἀπας
383 1488 399 1548 ό
415 1473 513 1574 δῆμος
534 1483 745 1577 ἀνεκρότησεν,
767 1481 860 1562 Αὖθις
882 1476 917 1549 δὲ
939 1484 1181 1575 προσφέροντος,

107 1584 210 1681 ὀλίγοι,
225 1588 277 1655 καὶ
296 1614 338 1681 μη
359 1579 544 1681 δεξαμενου,
558 1590 697 1658 παλιν”
676 1613 822 1668 απαντες.
846 1582 942 1657 Οότυ
956 1580 991 1656 δὲ
1005 1598 1062 1665 τῆς
1075 1586 1180 1682 πείρας

106 1685 347 1787 ἐξελεγχομένης,
362 1696 537 1789 Καῖσαρ
504 1720 557 1788 μεν
577 1692 741 1779 ἀνίςαται,
755 1697 809 1763 τὸν
825 1696 956 1787 ςόφανον
969 1695 1009 1771 εἰς
1024 1721 1061 1761 το
1047 1695 1181 1763 Καπο-
1201 1689 1204 1696 ⁴

106 1802 206 1867 τόλιον
230 1800 433 1893 ἀπενεχθῆναι
458 1803 612 1879 κελεύσας.
638 1781 786 1891 θφθησαν
818 1792 853 1867 δὲ
882 1792 993 1870 ἀνδ’
943 1824 1060 1893 ριαντες
1084 1804 1181 1868 αὐτοῦ

105 1894 286 1999 διαδήμασιν
311 1898 528 2001 ἀναδεδεμενοι
553 1910 730 1993 βασιλικοῖς
753 1908 806 1975 καὶ
824 1918 887 1975 τῶν
915 1899 1084 2001 δημάρχων
1102 1897 1179 1990 δόο,

105 2011 246 2091 Φλαούϊος
265 2013 316 2081 καὶ
330 2014 496 2106 Μάρυλλος
507 2014 535 2099 ²,
551 2014 726 2093 ἐπελθόντες
749 2014 949 2098 ἀπέσπασαν,
963 2013 1014 2081 καὶ
1028 2014 1101 2089 τοὺς
1121 2013 1180 2079 ἀσ-

105 2123 291 2213 πασαμένους
301 2124 440 2206 ,βασιλέα
455 2124 509 2189 τὸν
529 2119 674 2212 Καίσαρα
695 2123 837 2215 πρώτους
854 2114 1044 2214 ἐξευρόντες,
1059 2116 1178 2214 ἀπῆγον

105 2224 138 2303 εἰς
151 2228 187 2294 τὸ
206 2219 427 2322 δεσμωτήριον.
447 2215 477 2294 O
496 2221 531 2295 δὲ
550 2219 649 2320 δῆμος
668 2227 771 2295 εἵπετο
792 2238 931 2321 κροτῶν,
948 2226 1001 2294 καὶ
1026 2227 1179 2357 Βρρότους

104 2322 243 2401 ἀπεκάλει
270 2336 343 2412 τοὺς
366 2325 506 2423 ἀνδρας,
524 2338 573 2402 ότι
595 2338 728 2426 Βροῦτος
749 2330 820 2407 θνό
842 2335 1019 2411 καταλύσας
1040 2335 1176 2405 τὴντῶν

106 2439 248 2521 βασιλέων
264 2432 434 2533 διαδοχὴν,
448 2441 502 2509 καὶ
511 2443 549 2509 τὸ
568 2443 681 2536 κράτος
696 2466 735 2520 εις
750 2442 896 2526 βουλὴν
882 2467 934 2507 και
923 2430 1074 2536 δῆμον’
1061 2463 1095 2504 εκ
1108 2463 1180 2568 μογ-

104 2547 204 2676 ορχίμς
232 2551 426 2627 καταςιόσας.
443 2534 506 2616 ἀπὶ
529 2549 633 2635 τοότῳ
656 2550 791 2640 Καῖσαρ
805 2541 1014 2640 παροξυνθεὶς,
1039 2548 1095 2618 τὴν
1123 2545 1177 2637 μὲν

104 2649 192 2784 ἀρχὴν
213 2653 355 2746 ἀφείλετο
368 2663 435 2722 τῶν
460 2655 529 2748 περὶ
519 2655 601 2722 ιτθν
617 2649 815 2744 Μάρυλλονῖ·
832 2655 863 2718 ἐν
880 2644 916 2718 δὲ
933 2659 980 2737 τῷ
997 2657 1179 2744 κατηγορεῖν

104 2763 216 2843 αὐτῶν,
240 2761 306 2852 ἀμα
324 2760 376 2828 καὶ
398 2762 452 2829 τὸν
477 2753 576 2852 δῆμον
595 2752 777 2852 ἐρυθρίζων,
800 2756 949 2834 πολλάκις
971 2757 1124 2850 Βροότους
1142 2781 1178 2824 τε

104 2891 149 2934 και
138 2851 341 2959 Κυμαίους3
357 2862 514 2936 ἀπεκάλει
518 2869 599 2944 τοὺς
595 2858 666 2932 ἀνθ
669 2891 732 2958 ρα.ς

150 2975 260 3042 LXII.
277 2975 372 3040 Ουτοι
387 2966 427 3048 δὴ
445 2975 610 3068 τρέπονται
624 2973 699 3065 πρὸς
713 2970 842 3063 Μάρκον
856 2970 1034 3063 Βροῦτον
1007 2996 1035 3044 οι
1053 2968 1180 3053 πολλοὶ,

103 3079 235 3173 γένος
202 3105 255 3174 μεν
276 3079 353 3152 ἐκεῐθ
355 3066 405 3146 εν4
420 3087 494 3148 εἰναι
514 3072 668 3146 δοκουντα
681 3105 757 3172 προς
772 3102 936 3170 πατερων
950 3076 1002 3150 καὶ
1022 3077 1098 3171 πρὸς
1115 3103 1179 3168 μη·

103 3187 167 3277 τρὸς
179 3177 286 3275 (δ’)’
267 3187 329 3254 απὸ
348 3189 385 3252 Σο
389 3181 570 3278 ρόιλίων,’
543 3184 639 3264 οικίας
654 3187 786 3280 ἑτέρας’
774 3194 936 3274 επιφανους
946 3169 1104 3277 5γαμό,ρ
1094 3209 1126 3249 ον
1143 3173 1179 3248 δὲ

103 3319 148 3359 και
138 3284 349 3383 ἀδελφιδοῦν
365 3293 525 3370 Κάτωνος.
549 3296 666 3360 Τουτον
692 3293 781 3385 μὲνε
768 3284 967 3369 ἐξὲαυτοῢ
953 3301 1085 3382 ορμῆσαι
1104 3289 1181 3381 πρὸς
1221 3327 1223 3332 ·

103 3399 265 3500 κατάλυσιν
287 3409 343 3478 τῆς
356 3399 523 3492 μοναρχίας
534 3393 688 3492 ἀρόλυνον
712 3399 743 3466 αἱ
759 3394 847 3491 παρὰ
857 3395 1011 3490 Καίσαρος
1026 3394 1114 3488 τιμαὶ
1128 3406 1182 3472 καὶ

141 3649 171 3682 1.
182 3629 305 3682 Fuerunt
316 3628 347 3681 hi
362 3627 466 3685 tn‘huni
481 3627 568 3699 plebis
581 3629 612 3683 C.
662 3627 758 3680 bium:
774 3625 819 3695 ἀψὲ
836 3623 995 3678 αἰσθάνονται
1020 3623 1040 3676 οἱ
1062 3624 1178 3692 Κυμαῖοι.

104 3707 211 3780 Epidius
232 3709 378 3774 Marullus,
398 3722 425 3772 et
439 3710 471 3765 L.
489 3708 615 3764 Caesetius
663 3705 826 3760 Strab.x111.
902 3745 905 3751 .

104 3786 203 3842 Flavus.
219 3789 272 3850 Dio
286 3789 358 3842 Cass.
372 3807 450 3854 xm,
468 3807 494 3858 9.
705 3792 732 3849 4.
749 3787 790 3837 Ex
804 3804 836 3838 eo
850 3785 906 3837 scil.
921 3785 1014 3836 Bruto.

108 3885 111 3894 ·
142 3889 167 3922 ο.
197 3869 294 3922 Narrat
319 3882 408 3921 autem
431 3869 499 3934 Dio,
521 3866 540 3919 l.
557 3866 615 3930 cit,
708 3865 733 3919 5.
750 3864 790 3918 Ut
805 3866 877 3917 enim
892 3865 956 3917 Jun.
977 3864 1077 3914 Brutus
1091 3873 1181 3930 Γαρεις

103 3949 265 4004 eminuisse
284 3967 311 4002 se
335 3950 481 4014 cesarem,
502 3944 617 4017 nequid
665 3945 703 4000 sic
723 3944 852 3998 Servilius
870 3943 969 4008 Ahala,
985 3961 1001 3994 α
1021 3959 1076 4012 quo
1105 3940 1183 3992 Bruti

105 4026 129 4079 in
140 4047 186 4082 eoe
199 4027 316 4082 auderet.
665 4037 750 4078 mater
757 4043 839 4096 genus
848 4022 962 4076 ducebat
968 4021 1114 4094 ,Spurium
1123 4019 1182 4072 Me·

143 4109 169 4162 3.
180 4110 301 4180 Insignes
308 4108 380 4180 apud
391 4127 489 4180 graeeos
499 4101 616 4173 Cumaei,
664 4105 732 4158 lium
742 4102 914 4178 tyrannidem
924 4103 1109 4168 affectantem,
1123 4105 1199 4171 ρει·

107 4187 251 4252 stoliditau's
270 4190 395 4250 infamia:
411 4187 484 4244 unde
505 4205 616 4264 ρουνει·
664 4205 725 4241 eum
740 4183 859 4242 dederat.

816 4320 819 4333 .
924 4250 995 4336 21³
