3000 5025
299 471 999 543 DEVITAJULIICAESA'RIS.
1115 463 1187 548 11'3
1305 520 1309 534 ,

130 629 187 673 non
208 604 359 675 manibus
380 603 474 675 illum
498 604 675 699 arripuisse
697 628 732 673 se
755 604 1019 675 contenderent:
1036 605 1117 676 dum
1135 607 1189 679 ille

82 794 86 800 1
129 712 244 780 interim
265 736 432 807 nusquam
454 725 566 799 tutus,
588 710 641 781 die
666 726 836 806 noctuque
862 710 1005 783 latebras
1026 728 1189 808 mutaret,

129 820 244 887 nonnisi
260 833 405 911 quatuor
422 818 617 907 comitibus,
634 844 738 913 quum
761 816 902 889 salutem
923 842 1017 889 susm
1037 820 1189 915 pluribus

129 926 320 995 committere
343 949 413 995 non
435 923 581 994 auderet.
608 927 662 995 Sic
688 924 833 994 inultum
857 950 989 1021 semper
1005 927 1189 1025 Ambiorigi

129 1032 239 1099 crimen
260 1030 340 1120 fuit,
358 1033 510 1125 quamvis
535 1031 615 1127 lisga
631 1032 741 1128 jugis,
762 1046 796 1100 et
823 1046 1004 1127 perpetuus
1025 1056 1132 1128 pavor
1155 1051 1190 1107 et

128 1135 245 1205 latebrae
263 1135 402 1233 longum
417 1136 569 1232 supplicii
588 1162 692 1235 genus
704 1162 776 1223 esse
790 1141 945 1234 potuerit.
958 1140 1106 1209 Tandem
1120 1145 1189 1213 Cae·

127 1267 172 1311 sar
195 1244 370 1339 litgiuvum
391 1268 497 1313 unum
518 1247 612 1339 sequi
634 1259 669 1325 et
695 1242 829 1314 difficile
851 1246 912 1315 sibi
939 1246 1055 1317 videns
1077 1263 1111 1317 et
1138 1252 1187 1319 in·

127 1348 271 1443 glorium,
289 1350 443 1419 omnibus
454 1352 489 1419 in
504 1353 645 1421 circuitu
660 1353 816 1440 rotatis,
829 1351 865 1420 in
878 1352 1087 1423 Rhemorurn
1105 1353 1188 1426 fines

126 1456 216 1525 rediit.
231 1458 285 1525 lbi
304 1456 482 1526 concilium
502 1453 618 1527 Galliae
636 1457 814 1545 indixit,et
831 1457 873 1526 de
893 1459 1123 1553 conjuratione
1142 1488 1188 1532 re

125 1560 244 1633 bellium
272 1566 444 1633 Senonum
475 1578 552 1632 ante
579 1562 660 1633 alios
689 1578 723 1633 et
752 1566 957 1652 Camutum,
972 1568 1188 1659 quaestionem

125 1668 245 1739 babuit:
263 1669 306 1739 de
326 1672 461 1739 Accone
479 1684 591 1739 utitem
609 1670 761 1765 principe
777 1671 1032 1763 conjurationis,
1046 1698 1188 1745 romano

45 1794 48 1801 ·
125 1800 204 1845 nore
230 1774 430 1872 supplicium
458 1779 585 1871 exegit,
606 1777 702 1870 cujus
727 1775 861 1870 quidem
885 1775 1036 1847 nonnulli
1063 1784 1188 1852 conscii

124 1882 256 1978 effugere
271 1910 279 1951 ε
297 1908 387 1977 aqua
408 1897 442 1952 et
464 1885 531 1979 igni
550 1883 803 1952 contumacibus
823 1883 1037 1953 interdictum
1053 1900 1112 1955 est.
1133 1889 1188 1958 Sic

124 1992 300 2085 compositis
321 1990 420 2058 rebus
445 1991 508 2078 eis,
526 1988 642 2059 decem
664 1988 810 2084 legiones
833 1991 878 2059 ita
900 1993 1041 2085 partitus
1062 2007 1132 2083 est,
1151 2008 1190 2065 ut

109 2094 185 2165 ,duae
204 2099 439 2184 Trevirorum,
460 2095 599 2165 totidem
615 2098 826 2191 Lingonum,
846 2121 903 2165 sex
922 2095 994 2167 aliae
1015 2099 1187 2169 Senonum

123 2202 277 2273 infinibus
292 2204 528 2290 hibernarent,
550 2204 757 2298 provisisque
776 2204 985 2294 necessariis,
999 2204 1042 2274 ad
1055 2205 1186 2276 Italiam

123 2323 164 2379 est
180 2310 356 2405 profectus,

168 2418 274 2487 Caesar
296 2432 334 2487 ut
352 2443 393 2487 ex
412 2416 521 2489 Gallia
536 2418 704 2506 discessit,
719 2442 799 2487 ecce
812 2418 892 2487 novi
905 2417 1050 2515 undique
1060 2434 1187 2511 motus,

124 2548 205 2593 novae
223 2525 435 2613 rebelliones,
458 2525 581 2620 ubique
595 2540 796 2613 conventus,
809 2524 933 2619 ubique
952 2525 1105 2614 oonsilia;
1117 2553 1186 2598 non

122 2630 301 2702 inurbibus
324 2633 442 2722 mod0,
464 2633 577 2701 sedin
607 2631 695 2701 silvis
720 2630 868 2724 locisque
892 2630 1039 2700 abditis:
1062 2631 1186 2705 multos

123 2735 222 2807 odium
256 2741 431 2833 antiquum
461 2763 565 2833 quum
598 2737 775 2825 incitabat,
797 2735 920 2806 multos
947 2760 1055 2832 pavor
1076 2763 1185 2810 novus

123 2844 250 2915 Acconis
270 2860 380 2916 morte
402 2859 646 2915 concusserat:
676 2844 1001 2929 imminentissimum
1028 2867 1126 2915 suum
1151 2848 1186 2915 in

123 2967 211 3044 caput
234 2951 320 3022 illius
348 2950 548 3047 supplicium
572 2950 773 3046 cogitabant.
795 2948 986 3019 Accedebat
1009 2953 1184 3022 commise-

124 3060 196 3127 ratio
210 3061 396 3130 communis
409 3061 542 3153 patriae‚
553 3073 588 3127 et
599 3057 782 3152 indignatio
798 3056 948 3151 gloriosae
964 3055 1044 3126 olim
1057 3057 1186 3146 Galliae,

38 3243 40 3266 s
125 3175 192 3234 tunc
203 3191 342 3236 romano
358 3166 440 3260 jugo
453 3165 612 3253 subditae,
633 3179 667 3234 et
684 3188 825 3234 romano
845 3165 985 3259 imperio
1000 3166 1182 3236 servientis.

38 3273 40 3356 l
126 3267 226 3341 Multae
249 3298 358 3344 causae
383 3273 557 3342 ad'unum
585 3270 687 3342 finem
713 3273 842 3341 animos
869 3270 1043 3364 urgebant
1073 3273 1185 3341 Caesar

126 3374 311 3474 Cisalpinam
326 3382 360 3448 in
379 3377 523 3450 Galliam
536 3402 641 3474 quum
652 3381 813 3468 venisset,
826 3402 905 3447 mox
918 3376 962 3445 ad
977 3402 1055 3446 eum
1069 3402 1186 3447 rumor

126 3478 159 3548 de
179 3485 282 3556 Clodii
311 3485 400 3557 caede
427 3485 574 3581 perlatus
601 3499 677 3554 est:
706 3485 820 3572 hunc,
851 3485 994 3552 amicum
1029 3487 1185 3574 caesaris,

126 3586 196 3660 Milo
215 3596 341 3663 amicus
362 3595 410 3664 M.
428 3596 465 3662 T.
486 3594 659 3663 Ciceronis
674 3591 861 3680 occiderat3
880 3590 1007 3684 dequo
1025 3589 1186 3684 praeclara

38 3685 39 3714 ³
126 3693 184 3786 ejus
204 3715 293 3769 extet
313 3702 515 3795 oratioque
535 3698 719 3768 Miloniana
743 3699 875 3767 dicitur.
898 3696 980 3791 Ejus
1010 3699 1058 3764 rei
1075 3698 1186 3767 ‘causa

38 3851 41 3900 p
127 3807 223 3898 magni
239 3809 356 3877 Romae
370 3822 480 3877 motus
502 3806 654 3897 fuerant,
673 3830 735 3876 nec
752 3805 842 3874 fama
859 3803 980 3872 finibus
999 3802 1086 3873 italis
1104 3829 1184 3873 con·

39 3915 40 3928 ¹
126 3906 209 3978 lineri
228 3915 352 4008 potuit,
370 3913 536 4009 Alpesque
555 3913 814 3983 transcenderat.
838 3913 926 3980 Hinc
949 3908 1187 3982 rebellantibus

39 4027 41 4098 ξ
125 4017 240 4089 occasio
259 4019 338 4090 data
359 4036 431 4091 erat
451 4021 604 4090 historias
626 4043 730 4089 novas
760 4021 794 4086 in
817 4020 983 4087 Caesarem
1006 4016 1186 4112 fingendi:

39 4105 41 4124 ι
123 4116 281 4216 dicebant,
302 4125 469 4224 vulgoque
496 4127 749 4223 percrebuerat,
783 4125 925 4194 urbanis.
941 4123 1114 4203 detentum
1143 4126 1185 4198 si·

170 4260 235 4326 m.
401 4338 404 4344 ,
980 4257 1000 4330 8
