3000 5025
311 480 387 559 350
604 440 1087 553 ὀιυιιισαεκιιῐε
1489 551 1490 590 ³

310 687 313 697 .
363 620 476 687 XXII·
491 602 567 710 Ᾰμα
586 608 621 683 δὲ
642 618 812 710 τῇῆμέρορ,
826 626 884 682 τοῦ
898 615 951 707 μὲν
970 613 1065 682 Τίτου
1085 608 1242 688 Λαύιηνοῢ
1258 604 1324 689 ἤδη
1340 610 1387 683 ίπδ
1410 666 1414 671 .
1489 603 1490 670 ί

308 730 366 801 τὴν
390 724 577 818 ἀκρωνυχίαν
596 732 652 791 τοῦ
671 723 758 817 ύρους
776 724 829 788 σὺν
851 728 915 797 τοῖς
933 713 1004 787 δυσὶ
1021 720 1175 815 τάγμασιν
1194 715 1386 806 άναύάντος,

310 831 432 900 καὶτοῦ
447 831 602 924 Καίσαρος
623 833 656 896 οὐ
676 835 779 897 πλεῖον
802 818 858 894 δύο
876 827 928 894 καὶ
942 819 1019 894 δέκα
1034 819 1153 905 ςαδίων
1166 828 1228 895 άπὸ
1247 835 1313 895 τῶν
1331 854 1388 895 πο·

306 936 432 1030 λεμίων
447 936 626 1029 ἄφες-ὦτος,
650 941 712 1001 τῶν
737 926 772 1001 δὲ
791 935 960 1026 πολεμίων,
980 939 1020 1011 ὡς
1038 934 1091 1001 καὶ
1109 931 1190 1026 μετὰ
1206 937 1265 1009 τὴν
1284 932 1388 1027 μάχην

305 1046 412 1137 ἔλεγον
432 1044 461 1110 οἱ
478 1042 689 1135 αἰχμάλωτοι,
703 1042 822 1113 ταύτην
844 1042 901 1113 τὴν
921 1033 1084 1114 ἐπιύουλὴν
1103 1031 1251 1124 εἰδότων,Ι
1263 1038 1388 1119 οὗτοςό

308 1141 472 1227 Κονσίδιος
487 1140 623 1241 ἱδροῦντι
634 1159 679 1234 τῷ
693 1148 780 1232 ἵππῳ
793 1158 839 1233 τῷ
857 1146 992 1241 Καίσαρι
1003 1137 1229 1240 προσδραμὼν,
1245 1148 1391 1242 ἀπάγγει-

307 1262 377 1338 λεν,
392 1262 433 1332 ὡς
454 1254 471 1321 ὃ
489 1257 548 1323 ὑπὸ
571 1265 628 1321 τοῦ
647 1247 805 1326 Λαόιηνοῢ
824 1252 945 1344 ἔχεσθαι
964 1246 1115 1327 ηόουλετο
1135 1255 1221 1345 ὄρος,
1244 1264 1344 1321 τοῦτο
1362 1254 1391 1321 οἱ

308 1364 451 1452 πολέμιοι
468 1360 761 1453 προκατηλείφεσαν·
781 1368 884 1427 ταῦτα
907 1362 941 1425 ἔκ
960 1384 995 1424 τε
1015 1368 1077 1426 τῶν
1099 1360 1231 1452 σημείων
1255 1359 1309 1427 καὶ
1328 1366 1391 1426 τῶν

310 1469 469 1537 Γαλλικῶν
489 1470 590 1535 όπλων
604 1474 716 1561 γνῶναι
732 1450 887 1560 λίγων.ί)
908 1464 961 1557 μὲν
975 1461 1026 1532 οὖν
1041 1467 1163 1559 Καῖσαρ
1182 1476 1278 1533 τοῦτο
1296 1467 1393 1534 οἰκού-

310 1600 381 1658 σας,
396 1578 433 1641 τὸ
447 1572 609 1665 ςράτευμα
627 1574 686 1639 ὑπὸ
701 1572 739 1639 τὸ
753 1570 882 1645 πλησίον
904 1572 973 1664 ὅρος
996 1574 1151 1668 ὑπάγαγε,
1166 1572 1218 1639 καὶ
1235 1576 1302 1640 ἐκεῖ
1315 1600 1394 1666 παρ-

282 1725 286 1734 ·
310 1680 483 1764 ετάττετο,
499 1685 539 1757 ὡς
558 1680 659 1771 μάχην
678 1681 867 1771 ποιούμενος.
894 1663 923 1743 O
949 1669 984 1745 δὲ
1011 1668 1049 1746 δὴ
1071 1674 1224 1757 Λαόιηνὸς
1250 1681 1311 1747 ὑπὸ
1333 1690 1394 1747 τοῦ

309 1788 466 1879 Καίσαρος
480 1785 657 1869 κελευσθεὶς,
669 1784 745 1878 εἰμὴ
757 1787 794 1853 τὸ
806 1789 917 1852 ἑαυτοῦ
926 1782 1089 1877 ςράτευμα
1099 1785 1228 1860 πλησίον
1238 1785 1394 1877 φαίνοιτο,

310 1896 352 1987 μὴ
365 1892 497 1961 ἐπελθεῖν
511 1899 574 1971 τοῖς
591 1892 758 1984 πολεμίοις,
771 1887 836 1975 (ἵνα
847 1890 1037 1983 πολλαχόθεν
1051 1892 1118 1984 οἶμα
1131 1888 1296 1985 μάχοιντο)
1308 1892 1395 1960 κατὰ

309 2002 349 2067 τὸ
359 1996 527 2081 κελευσθὲν,
537 2002 573 2065 τὸ
584 2000 652 2092 όρος
664 1999 902 2089 καταοχὼν,τὸν
913 1996 1059 2092 Καίσαρα
1067 1998 1205 2091 ἀνέμενεν
1216 2000 1395 2092 οὐμαχόμε·

310 2132 369 2185 νος.
386 2086 457 2179 Ιίδη
476 2095 506 2170 δ’
522 2106 571 2174 ἐπὶ
584 2105 663 2173 πολὺ
677 2104 875 2197 προεληλύθει
889 2110 908 2178 ἡ
925 2104 1038 2197 ἡμέρα,
1054 2104 1143 2178 ἡνίκα
1161 2104 1396 2200 ἀπαγγέλλουσι

284 2226 285 2229 ’
310 2224 356 2299 τῷ
374 2213 507 2302 Καίσαρι
522 2211 550 2277 οἱ
562 2209 774 2293 κατάσκοποι,
790 2210 843 2277 τὸν
861 2210 915 2302 μὲν
934 2204 1089 2285 Λαόιηνὸν
1104 2212 1141 2278 τὸ
1155 2212 1224 2304 ὅρος
1236 2214 1394 2305 κατέχειν,

310 2318 362 2385 καὶ
380 2318 453 2396 τοὺς
478 2303 651 2392 Ελύητίους
671 2306 1070 2410 μεταςρατοπεδεύσασθαι.
1088 2318 1150 2385 Τὸν
1168 2309 1203 2385 δὲ
1225 2310 1395 2387 Κονσίδιον

309 2424 368 2491 ὑπὸ
388 2418 483 2517 ρόύου
504 2419 524 2489 ἃ
546 2427 602 2491 οὐκ
619 2414 697 2489 εἶδεν
716 2429 757 2500 ὡς
776 2413 849 2488 ἰδὼν
866 2422 1064 2519 ἀπαγγεῖλαι.
1079 2425 1187 2520 Ταύτῃ
1207 2424 1262 2518 μὲν
1281 2422 1338 2492 οὖν
1353 2435 1397 2521 τῇ

309 2533 408 2623 ἡμέρα
427 2537 442 2598 ὁ
462 2533 583 2625 Καῖσαρ
601 2527 684 2597 κατὰ
702 2531 740 2597 τὸ
759 2529 861 2607 εἰωθὸς
879 2521 1022 2623 διάςημα
1040 2537 1106 2609 τοῖς
1128 2532 1288 2623 πολεμίοις
1315 2535 1396 2626 ε’φεί·

307 2661 402 2722 πετο,
416 2636 467 2705 καὶ
481 2635 574 2707 εἰκοσι
587 2637 740 2731 τέτταρας
755 2628 885 2714 ςαδίους
897 2637 951 2704 ἀπ’
966 2640 1068 2704 αὐτῶν
1088 2630 1397 2731 ἐςρατοπεδεύσατο.

363 2747 492 2812 ΧΧΙΙΙ.
508 2746 556 2838 Τῇ
571 2735 600 2810 δ’
613 2744 757 2837 ύςεραίορ,
772 2746 822 2810 ότι
837 2743 891 2835 μδν
902 2733 968 2810 δύο
986 2745 1098 2838 ἡμέραι
1116 2743 1246 2836 πάμπαν
1265 2746 1395 2814 οἱπελεί*

308 2877 404 2918 ποντο
425 2861 480 2918 τοῦ
499 2842 562 2916 δεῖν
581 2856 666 2917 σῖτον
677 2859 725 2942 ’τῇ
744 2853 860 2943 ςρατιᾷ
884 2838 1078 2934 διαδιδόναι,
1102 2853 1151 2917 ότι
1170 2843 1206 2917 δὲ
1224 2851 1321 2930 πόλις
1341 2879 1396 2947 με·

308 2957 389 3051 γάλη
417 2982 453 3023 τε
481 2955 532 3022 καὶ
559 2947 712 3048 εὐδαίμων
740 2965 802 3023 τῶν
830 2940 991 3041 Εδουίων,
1015 2950 1187 3048 Βίόρακτος
1211 2957 1336 3051 ὄνομα,
1362 2962 1395 3026 ού

310 3069 412 3130 πλεῖον
432 3061 566 3129 ἐντεῦθεν
585 3065 696 3130 ἑκατὸν
724 3062 961 3156 τετταράκοντα
984 3061 1140 3156 τεσσάρων
1159 3053 1279 3142 ςαδίων
1299 3065 1394 3140 εἰπεῖν·

308 3171 492 3261 βουλόμενος
518 3173 534 3235 ό
558 3169 678 3261 Καῖσαρ
698 3177 745 3254 τῷ
772 3168 849 3254 σίτῳ
867 3176 1020 3262 προνοεῖν,
1039 3168 1101 3236 άπὸ
1127 3169 1180 3262 μὲν
1199 3177 1264 3236 τῶν
1284 3157 1395 3246 Mn·

306 3276 380 3342 τίων
400 3274 583 3367 ἀπετράπη,
605 3272 654 3340 ἐπὶ
683 3265 794 3350 δὲτὴν
820 3268 991 3368 Βίύρακτον
1017 3277 1188 3367 ἐπορεύετο.
1211 3278 1352 3344 Τούτων»
1364 3269 1395 3343 δ’

306 3382 391 3459 εὐθὺς
410 3387 474 3458 τοῖς
502 3366 669 3458 Ελύητίοις
694 3382 753 3449 ὑπὸ
780 3388 880 3469 τινῶν
902 3381 964 3448 ἀπὸ
987 3383 1120 3450 Λουκίου
1143 3381 1312 3474 Αἰμιλίου,
1339 3393 1395 3451 τοῦ

306 3495 367 3554 τῶν
383 3488 511 3555 Γάλλων
527 3486 697 3580 ἱππάρχου,
710 3488 799 3578 σρίσν
815 3486 1111 3579 αὐτομολησάντων,
1125 3488 1394 3583 ἀπαγγελθέντων,

302 3593 395 3663 αὐτοὶ
412 3595 431 3668 ἥ
452 3619 487 3658 τε
504 3598 574 3670 τοὺς
588 3579 748 3685 Ρωμαίους
764 3585 826 3658 δίει
845 3601 928 3684 σφῶν
943 3597 1079 3689 φεύγειν,
1095 3590 1128 3678 (ό
1143 3586 1197 3660 διὰ
1211 3599 1311 3664 τούτο
1332 3598 1394 3690 μοί·

302 3707 379 3778 λιςα
397 3706 549 3795 ἡγοῦντο,
564 3701 614 3766 ότι
632 3708 672 3794 τῇ
691 3699 860 3791 προτεραίᾳ
873 3699 903 3766 οί
920 3685 1058 3793 Ρωμαῖοι
1077 3704 1114 3767 τὸ
1133 3701 1200 3794 ὅρος
1220 3704 1396 3796 κατασχόν-

304 3831 356 3883 τες
375 3808 476 3900 μάχην
497 3809 531 3894 οθ
551 3801 715 3895 συνῆψαν)
738 3808 791 3880 ἥτ’
810 3802 861 3872 οὖν
881 3814 943 3872 τῶν
970 3799 1151 3881 ἐπιτηδείων
1176 3809 1292 3888 αὐτοὺς
1315 3812 1395 3877 εἰπο-

301 3911 431 3982 κλείσειν
451 3912 466 3979 θ
492 3917 650 4006 ῥροῖντες,
668 3914 866 4003 μετενόησαν·
894 3911 946 3978 καὶ
970 3924 1028 3992 τῆς
1052 3912 1181 4008 πρόσθεν
1206 3922 1292 4007 σρῶν
1319 3907 1395 3983 όδοῖ

306 4019 557 4113 ἀποτραπέντες,
579 4020 651 4097 τοὺς
675 4028 737 4085 τῶν
767 4004 917 4110 Ρωμαίων
942 4020 1189 4114 ὀπισθοφύλακας
1208 4011 1333 4108 διώκειν
1361 4045 1395 4090 τε

302 4123 358 4194 καὶ
373 4124 416 4204 είς
435 4124 538 4220 μάχην
558 4132 745 4221 παρακαλεῖν
769 4119 913 4218 ἤρξαντο.
