3000 5025
297 460 366 529 DE
393 457 518 529 VITA
543 457 690 526 JULII
717 456 964 529 CAESARIS.
1092 459 1167 536 253

104 590 248 689 pertulit,
265 607 304 663 ut
324 616 410 688 pene
432 614 547 661 omnes
569 589 693 659 confixi
712 604 812 683 atque
831 592 947 661 obruti
969 594 1096 689 sagittis
1113 622 1149 667 es

103 716 184 789 sent,
202 725 344 794 quorum
368 722 465 769 cxxx
493 722 636 791 corpora
658 698 746 765 intra
769 695 894 767 vallum
915 715 1047 795 reperta
1069 717 1169 798 atque

103 806 139 875 ad
163 810 328 877 Caesarem
350 820 428 874 sunt
455 803 566 873 relata.
591 807 635 873 Et
659 804 712 891 hi,
734 810 868 891 omnes,
885 819 943 874 aut
969 806 1066 885 multi
1092 812 1168 903 qui-

101 914 188 982 dem:
203 913 338 1009 quidde
357 910 495 1006 singulis
510 907 648 1005 loquar?
663 924 744 979 nota
757 926 807 980 est
822 913 934 980 Scevae
950 917 1169 1004 centurionis,

101 1022 178 1089 etin
197 1021 367 1090 Britannia
386 1033 421 1087 et
437 1018 480 1086 ad
496 1017 724 1087 Durrachium
743 1020 867 1105 virtus,
885 1018 927 1087 de
941 1043 1008 1113 qua
1025 1020 1168 1092 diximus

100 1152 153 1195 suo
174 1126 268 1197 loco:
286 1140 321 1195 et
339 1125 429 1221 quod
443 1122 584 1194 'dicendi
606 1123 699 1194 locus
725 1124 849 1212 defuit,
866 1125 962 1195 Acilii
986 1125 1098 1197 militis
1124 1129 1167 1197 ad

99 1233 291 1322 Massiliam,
313 1234 371 1327 qui
398 1256 523 1326 quum,
548 1229 662 1326 praelio
691 1230 822 1319 navali,
839 1231 993 1301 hostilem
1021 1235 1056 1301 in
1081 1260 1166 1329 pup-

98 1342 158 1433 pim
177 1341 348 1411 dexteram
366 1340 548 1433 injecisset,
571 1336 628 1407 illa
646 1352 839 1433 amputata,
859 1341 957 1408 nixus
972 1338 1094 1428 altera,
1108 1365 1167 1410 na·

98 1448 224 1543 vimque
254 1445 498 1532 conscendens,
517 1458 612 1515 scuto
638 1446 673 1511 in
699 1443 856 1515 adversos
880 1448 1042 1541 impetum
1066 1446 1166 1517 fecit:

98 1556 232 1647 aquavit
245 1554 404 1647 Cynegiri
419 1552 562 1640 factum,
576 1550 667 1646 quod
684 1548 923 1645 loquacissima
943 1555 1081 1623 Graeciae
1095 1552 1166 1623 lau·

98 1658 185 1729 dibus
199 1662 236 1729 in
255 1658 378 1730 coelum
392 1682 498 1753 usque
513 1656 681 1729 sublatum
696 1671 763 1744 est,
781 1663 885 1751 qu'um
902 1682 965 1753 par
977 1661 1084 1729 virtus
1097 1664 1167 1732 Ro·

97 1769 177 1835 mani
195 1765 311 1837 militis
334 1790 419 1861 pene
437 1767 481 1835 sit
496 1765 654 1863 damnata
671 1762 823 1833 silentio:
837 1767 886 1835 sie
907 1765 1086 1834 verborum
1104 1766 1166 1855 illi,

96 1872 140 1941 isti
160 1888 274 1942 autem
297 1897 411 1942 rerum
433 1872 542 1943 studio
566 1870 668 1941 dediti
690 1884 795 1940 erant.
817 1870 1023 1941 Seditionem
1040 1872 1165 1943 milita·

95 2002 157 2047 rem
180 1979 319 2050 Gallicis
342 1978 523 2066 omnibus,
536 1992 636 2074 atque
659 1979 888 2067 Germanicis,
909 1993 1009 2073 atque
1031 1982 1166 2051 britan-

96 2087 167 2156 nicis
200 2085 295 2157 bellis
326 2085 453 2156 nnllam
482 2084 639 2181 pertulit:
657 2086 827 2175 existimo,
848 2085 939 2179 quod
960 2085 1050 2179 justa
1079 2085 1166 2157 bella

95 2192 208 2263 milites
222 2216 322 2288 agere
340 2194 403 2263 sibi
415 2192 626 2281 viderentur,
644 2206 677 2261 et
690 2190 773 2261 nihil
790 2191 880 2261 aliud
898 2215 999 2286 quam
1015 2218 1165 2289 pugnam

95 2313 123 2367 et
134 2299 363 2371 obedientiam
382 2300 588 2395 cogitarent:
601 2312 637 2367 at
651 2296 745 2367 bellis
759 2298 930 2387 civilibus,
948 2298 1088 2394 aliquot3
1108 2300 1166 2371 sed

95 2430 168 2500 quas
183 2407 250 2477 cito
265 2428 334 2475 non
348 2405 518 2494 facilitate,
533 2404 589 2475 sed
604 2406 779 2475 severitate
798 2418 832 2475 et
853 2408 1051 2477 auctoritate
1069 2433 1165 2478 com-

22 2498 23 2544 ἦ
95 2515 266 2606 pascebat,
285 2511 391 2608 qualis
407 2513 470 2582 luit
487 2509 543 2582 illa
564 2510 606 2580 ad
620 2509 843 2600 Placentiam,
861 2511 942 2581 dum
962 2516 1067 2607 priori
1077 2515 1166 2588 bello

22 2607 24 2660 l
95 2621 243 2690 confecto
254 2646 296 2690 ex
308 2621 468 2715 Hispania
477 2617 708 2706 remearet,de
717 2643 784 2712 qua
794 2619 921 2688 dictum
933 2633 1001 2689 est:
1014 2635 1049 2688 et
1061 2620 1165 2692 altera

94 2727 222 2816 Romae,
240 2728 421 2797 decimaris
445 2727 634 2796 missionem
657 2738 691 2793 et
712 2727 850 2820 praemia
869 2725 1165 2798 tumultuosissime

94 2835 336 2929 conspiratione
347 2832 839 2928 poscentibus3qnosquoniam
850 2845 924 2899 tum
934 2833 1078 2902 maxime
1090 2833 1165 2903 bel·

95 2937 157 3010 lum
169 2943 206 3010 in
215 2940 330 3010 Afiica
338 2937 570 3036 repullularet,
580 2939 697 3007 amicis
708 2936 977 3026 dehortantibus,
992 2940 1164 3034 nequedi-

95 3046 242 3118 mittendi
262 3061 394 3142 tempus
410 3069 480 3116 esse
497 3043 762 3133 affirmantibus,
784 3044 950 3114 dimittere
971 3045 1095 3136 voluit,
1114 3063 1165 3139 et,

95 3169 252 3247 quantum
267 3156 302 3223 in
315 3178 349 3222 se
370 3167 472 3239 esset,
491 3151 631 3220 dimisit:
647 3151 705 3220 scd
723 3177 807 3246 quos
821 3152 1003 3247 imperator
1021 3153 1165 3224 dimitte-

95 3259 163 3350 bat,
174 3262 387 3355 imperatoris
396 3284 464 3328 vox
477 3283 544 3326 una
556 3258 715 3341 detinuit3
729 3273 783 3346 ut,
796 3283 901 3351 quum
912 3283 970 3327 eos
979 3257 1103 3354 alloqui
1114 3263 1164 3329 in·

94 3369 226 3463 cipiens,
236 3392 305 3436 non
315 3364 619 3450 commilitones‚ut
628 3363 769 3453 solebat,
779 3363 837 3434 sed
848 3368 998 3457 Quirites
1006 3366 1166 3460 appellas·

94 3489 227 3564 set‚una
238 3475 349 3542 statim
359 3497 443 3542 voce
454 3471 714 3566 responderent,
729 3496 763 3540 se
770 3495 852 3540 vero
859 3470 979 3542 milites
988 3497 1066 3541 suos
1077 3498 1165 3562 esse,

93 3603 149 3650 nec
164 3579 309 3675 amplius
327 3578 424 3673 loqui
438 3581 543 3673 passi,
561 3592 770 3646 recusantem
788 3577 880 3667 licet,
897 3579 932 3645 in
943 3579 1092 3648 Africam
1109 3606 1165 3650 se·

93 3702 289 3780 querentur;
303 3711 372 3756 non
391 3699 502 3754 tamen
519 3686 686 3779 impunes,
701 3684 776 3772 sed,
794 3709 857 3779 pro
874 3685 1035 3781 cujusque
1048 3685 1165 3780 culpa,

94 3808 123 3862 et
147 3795 303 3887 increpiti
321 3807 355 3862 et
375 3790 514 3861 multati.
529 3793 574 3861 Et
594 3791 666 3860 haec
688 3790 823 3884 quidem
844 3816 921 3860 cum
940 3791 1109 3862 militibus.

142 3899 411 3987 Familiaritates,
433 3899 615 3984 amicitias,
637 3895 805 3968 clientelas
824 3923 954 3967 summa
975 3897 1041 3968 fide
1062 3899 1166 3971 coluit

95 4028 132 4074 ac
146 4009 278 4101 pietate.
295 4008 388 4076 Dum
403 4003 551 4074 silvestre
565 4006 628 4072 iter
642 4019 779 4098 ageret,
794 4007 977 4100 Gaiumque
995 3995 1165 4102 Oppium,

94 4115 148 4204 qui
164 4115 227 4186 sihi
242 4113 481 4200 amicissimus,
495 4122 547 4199 et,
559 4109 616 4180 illo
630 4112 663 4180 in
672 4113 808 4199 itinere,
821 4133 933 4181 comes
949 4128 1021 4182 erat
1032 4116 1166 4204 unicus,
