3000 5025
299 527 352 574 no
520 502 548 567 J.
578 498 736 569 CELSI
763 500 1155 572 COMMENTARII

293 636 430 732 pridem
441 635 583 703 senatus
605 632 826 719 decrevisset,
845 646 885 700 ut
905 634 1051 727 quisquis
1070 637 1276 728 provinciam
1292 641 1374 711 Gala

299 742 377 812 liam
401 741 583 827 obtineret,
606 740 768 832 quantum
787 753 919 833 posset,
932 742 1067 810 'amicos
1090 743 1206 837 populi
1228 751 1374 837 romani,
1452 798 1460 807 .

299 850 495 919 nominatim
519 846 662 933 AEduos,
688 870 858 913 armorum
887 870 953 940 ope
983 862 1182 943 protegeret.
1211 854 1372 922 Ceterum

298 955 403 1024 nihilo
424 953 541 1023 melior
561 955 793 1046 Sequanorum
817 966 895 1047 post
914 954 1106 1043 victoriam,
1125 954 1225 1050 quain
1246 959 1372 1029 AEduo·

283 1068 373 1130 ‘rum
392 1076 469 1156 post
483 1062 613 1129 ruinam
628 1058 775 1128 conditio
796 1059 884 1128 sacta
899 1073 990 1147 erat,
1004 1062 1164 1155 siquidem
1186 1062 1372 1136 Ariovistus

292 1174 376 1238 'cum
397 1169 523 1263 ingenti
549 1190 651 1234 manu
672 1164 756 1234 fines
777 1169 896 1233 eorum
919 1167 1086 1261 ingressus
1100 1168 1240 1264 'lateque
1262 1173 1373 1242 victor

298 1298 455 1369 magnam
477 1273 537 1343 soli
557 1271 673 1341 natalis
691 1287 821 1367 partem
836 1270 898 1341 illis
920 1276 1100 1367 eripuerat,
1122 1293 1221 1370 scqu'e
1241 1293 1275 1354 et
1289 1278 1371 1347 reli·

292 1406 397 1476 quam
425 1394 619 1475 erepturum
648 1379 846 1448 minabatur.
876 1382 1016 1473 Jamque
1050 1382 1180 1451 obsides
1207 1384 1372 1455 nobilitati

296 1502 500 1574 extorserat,
528 1501 562 1555 et
584 1510 646 1580 pro
671 1484 751 1553 levi·
764 1484 910 1580 qualibet
941 1511 1041 1555 causa
1071 1489 1265 1558 inhumanis
1287 1490 1370 1562 ¹illos

290 1594 464 1690 suppliciis
491 1592 663 1662 atterebat.
686 1593 817 1681 Quibus
838 1594 884 1661 ita
906 1618 940 1662 se
963 1593 1178 1683 habentibus,
1196 1598 1266 1689 jam
1285 1613 1368 1667 tem·

292 1727 358 1796 pus
371 1702 531 1789 instabat,
545 1715 584 1769 ut
598 1702 776 1769 Germanis
791 1699 919 1769 assidue
936 1700 1093 1769 Rhenum
1106 1700 1369 1794 transeuntibus,

295 1807 384 1878 Galli
398 1832 513 1877 omnes
534 1822 593 1875 aut
613 1807 788 1895 cederent,
810 1821 869 1874 aut
890 1808 1063 1900 perirent:
1087 1807 1143 1877 hic
1165 1812 1199 1877 in
1223 1820 1368 1905 praesen's

291 1914 480 1984 Galliarum
502 1928 605 1982 status
631 1927 719 1999 erat,
731 1928 776 1980 ‘et
798 1914 832 1979 in
849 1928 1021 2006 posterum
1039 1915 1148 1983 timeri
1160 1931 1306 2010 poterat,
1324 1944 1368 1988 ne

294 2019 399 2090 Gallis
417 2021 613 2113 expugnatis
635 2020 796 2088 Germani
820 2020 964 2088 victores
981 2021 1023 2086 in
1044 2024 1231 2113 provincias
1252 2025 1368 2119 populi

290 2128 423 2195 romani
441 2127 635 2194 transmisso
656 2124 813 2194 Rhodani
834 2128 966 2220 gurgite
985 2142 1272 2220 penetrarent,·et
1289 2155 1367 2225 pro·

293 2236 381 2301 xima
395 2257 534 2327 quaeque
549 2246 733 2318 vastantes,
745 2232 837 2325 quod
852 2231 964 2300 multis
976 2248 1053 2302 ante
1072 2234 1188 2305 seculis
1203 2236 1371 2326 fecerant,

290 2342 327 2408 iii
347 2339 727 2433 Italiamirrumpercnt.
752 2342 1017 2407 Horum‘tamen
1039 2344 1188 2411 omnium
1213 2357 1367 2415 motuum

268 2453 272 2461 ’
290 2446 402 2517 nullus
423 2444 570 2541 periculo
588 2445 771 2540 proximior
786 2446 967 2541 Romaeque
980 2446 1147 2542 vulgatior
1166 2474 1266 2546 quam
1281 2451 1367 2521 Hel·

291 2556 456 2623 vetiorum
469 2567 664 2648 apparatae,
674 2568 708 2622 et
729 2553 798 2622 dies
813 2553 856 2622 ad
869 2554 1025 2623 Rhodani
1039 2559 1214 2626 transitum
1230 2559 1366 2653 publico

290 2661 447 2757 praefixus
467 2660 576 2729 edicto
596 2685 603 2727 a
623 2660 723 2754 idque
744 2658 869 2728 Juhum
892 2664 1076 2750 Caesarem,
1097 2679 1135 2731 ut
1158 2664 1200 2732 ad
1224 2690 1294 2734 rem
1314 2693 1367 2736 re·

289 2768 407 2854 deam,
430 2766 576 2836 celerare
599 2766 781 2861 compulit,
801 2783 1012 2862 reputantem
1034 2773 1149 2862 quanti
1168 2771 1366 2845 discriminis

292 2890 378 2943 esset
398 2872 701 2968 quantulacumque
721 2880 906 2962 cunctati0,
926 2879 1027 2970 atque
1042 2876 1075 2944 id
1090 2879 1256 2972 praecipue
1271 2905 1365 2950 reco-

291 2980 414 3050 lentem
435 2979 576 3074 qualiter
600 3005 680 3074 gens
701 2980 818 3050 eadem
840 2981 1008 3076 quondam
1030 2986 1069 3051 L.
1092 2987 1207 3054 Cassio
1229 2987 1365 3056 consula

291 3086 508 3174 obtruncato,
521 3110 696 3154 romanum
717 3087 1053 3157 hidissetexercitum
1063 3143 1073 3176 ,
1085 3093 1290 3186 misissetque
1298 3096 1365 3163 'suh

288 3197 416 3290 jugum.
434 3195 484 3260 Ea
497 3208 635 3288 propter
647 3194 802 3262 omnihus
817 3195 1271 3293 impigerrimecomparatis,
1286 3225 1363 3294 pro-

290 3301 399 3373 fectus
420 3300 462 3367 ah
483 3299 686 3393 urbeatque
707 3301 742 3388 ip
766 3298 907 3369 Galliam
930 3299 1121 3371 ulteriorem
1144 3307 1228 3373 mira
1242 3304 1364 3376 veloci·

290 3421 359 3476 tate
377 3411 600 3499 transgressus
622 3407 820 3475 Gehennam
837 3407 879 3476 ad
895 3409 1032 3501 periculi
1047 3408 1280 3499 locum‘venit,
1298 3428 1365 3482 sta·

289 3515 416 3608 timquc
437 3514 632 3608 provinciae,
659 3537 761 3607 quam
782 3516 963 3581 maximum
985 3517 1054 3609 pati
1074 3509 1201 3608 posset,
1221 3516 1364 3588 militum

290 3631 469 3688 numerum
490 3620 673 3715 imperavit.
695 3621 840 3712 Cognito
856 3621 995 3699 Caesaris
1017 3620 1178 3712 adventu,
1192 3622 1363 3696 Helvetio-

288 3747 366 3796 rum
380 3725 500 3822 le'gatio
515 3752 555 3794 ex
567 3724 768 3821 primoribus
782 3726 889 3818 gentis
903 3722 990 3794 illico
1001 3750 1078 3795 eum
1092 3727 1178 3817 adit,
1190 3741 1289 3798 orant
1299 3733 1363 3803 iter

289 3859 350 3928 per
366 3835 577 3927 'provinciam
600 3839 793 3916 romanam,
808 3832 935 3924 iterque
950 3831 1017 3902 sibi
1036 3833 1165 3904 nullum
1182 3837 1364 3908 aliudesse

289 3954 470 4027 testantur,
482 3962 581 4031 seque
595 3939 664 4006 sirie
677 3937 873 4030 cujusquam
894 3935 1043 4029 damno,
1052 3943 1125 4011 sine
1136 3944 1254 4038 injuria
1270 3959 1362 4012 tran·

289 4049 410 4116 siturus
428 4044 602 4142 spondent.
625 4046 747 4130 Caesar,
760 4046 821 4114 etsi
842 4043 928 4114 male
947 4050 1072 4117 inentis
1089 4049 1221 4144 placere
1242 4049 1362 4140 nollet,

290 4169 324 4222 et
338 4153 491 4249 pollicitis
504 4150 629 4223 nullam
641 4150 742 4228 fidem
756 4152 912 4242 haberet,
926 4169 1025 4249 atque
1036 4156 1111 4224 ideo
1125 4157 1193 4248 jam
1210 4161 1361 4251 responsi
