3000 5025
338 1092 340 1095 ’
400 1096 488 1185 AD
523 1082 890 1187 LECTOREM
920 1093 1335 1185 BENEVOLUM.

621 1330 1131 1369 ψ

331 1474 480 1603 Accua
496 1538 582 1603 hanc
603 1539 828 1627 metaphrasin
841 1561 978 1629 graecam
995 1538 1157 1601 librorum
1172 1536 1236 1601 VII
1257 1534 1299 1601 de
1317 1537 1395 1600 Bello

332 1642 473 1726 Gallico,
490 1667 589 1731 quam
607 1642 642 1706 in
661 1644 722 1707 hae
741 1659 852 1707 nostra
864 1644 892 1707 J.
913 1642 1046 1707 Caesaris
1061 1641 1205 1705 editione
1220 1640 1394 1706 desiderau-

330 1750 407 1815 dam
421 1750 600 1815 noluimus.
617 1750 828 1838 Quicumque
841 1750 884 1813 sit
895 1750 982 1813 illius
994 1741 1272 1837 interpretationis
1283 1765 1394 1831 auctor,

330 1857 398 1921 sive
416 1856 578 1921 Maximus
591 1855 771 1934 Planudes‚
786 1857 853 1920 sive
866 1855 1061 1920 Theodorus
1076 1855 1175 1938 Gaza,
1188 1855 1255 1919 sive
1269 1854 1394 1943 quilibet

329 1964 426 2046 alius,
443 1962 522 2026 huie
540 1964 702 2027 sollennes
722 1963 839 2051 gratias
858 1963 999 2051 agimus,
1017 1977 1117 2049 atque
1134 1959 1393 2045 habemus3vivi·

330 2067 405 2132 dam
420 2069 507 2132 enim
523 2068 633 2133 lucem
645 2068 724 2133 hino
739 2067 912 2153 duximus,
925 2093 990 2158 qua
1003 2092 1072 2133 non
1088 2093 1195 2133 unum
1207 2093 1246 2133 ex
1261 2067 1393 2133 obscuris

329 2176 409 2238 Belli
429 2173 542 2238 Gallici
560 2174 640 2238 locis
662 2174 918 2257 illustravimus;
938 2198 1046 2263 neque
1069 2176 1190 2240 Davisii
1210 2175 1334 2256 judicio
1349 2196 1391 2239 se·

303 2282 306 2293 '
329 2281 464 2357 veriori,
476 2282 527 2344 vel
543 2281 746 2370 negligentiae
764 2281 1016 2365 subscn'bimus,
1036 2282 1095 2369 qui
1111 2283 1154 2345 in,
1162 2281 1292 2377 edendo
1307 2282 1391 2362 hujus

329 2386 495 2474 scriptoris
517 2402 609 2450 textu
626 2388 748 2449 fatetur
768 2409 803 2449 se
823 2403 958 2475 propter
977 2388 1142 2451 oculorum
1164 2389 1391 2453 maculantem

331 2515 399 2557 non
417 2491 648 2583 corrigendum
666 2493 845 2577 curavisse,
864 2494 892 2559 si
910 2494 1043 2582 quidem
1059 2495 1199 2560 aliorum
1218 2497 1318 2579 votis,
1333 2517 1390 2559 non

156 2609 158 2616 '
238 2593 240 2598 ’
329 2622 396 2663 suae
412 2599 573 2664 voluntati
598 2600 775 2664 obsecutus
793 2601 908 2679 fuerit,
927 2596 1032 2690 iprum
1050 2603 1144 2668 illum
1162 2603 1263 2693 Typis
1289 2623 1390 2693 repra·

328 2705 449 2771 sentari
463 2728 551 2768 anno
574 2707 657 2794 1706
672 2707 814 2787 jusserit.
916 2790 918 2794 Α

375 2809 476 2895 Vide,
491 2813 519 2876 si
532 2814 639 2901 placet
655 2830 687 2877 et
704 2830 811 2896 vacat,
825 2814 927 2878 amice
939 2816 1057 2894 lector,
1070 2841 1160 2905 quae,
1178 2817 1214 2881 in
1230 2818 1328 2899 hujus
1343 2837 1388 2879 vo·

328 2916 461 2980 luminis
484 2919 689 3006 praefatione,
712 2919 755 2982 de
774 2919 861 2983 Julio
880 2921 991 2998 Celso,
1015 2921 1056 2985 de
1076 2924 1253 2988 Plutarcho
1270 2937 1389 3013 propter

329 3021 428 3086 vitam
444 3023 593 3110 Caesaris,
609 3039 642 3088 et
658 3024 699 3088 de
717 3024 782 3088 hoc
800 3047 905 3114 graeco
920 3025 1098 3118 interprete
1111 3028 1332 3095 disseruimus.
