3000 5025
135 538 144 554 ,
258 476 338 585 'es
501 492 529 559 J.
559 488 715 559 causi
743 485 1139 556 connnnmnn

220 641 222 644 ’
287 626 481 711 auctoritas,
505 623 546 692 ad
565 625 731 691 Caesarem
754 621 788 688 in
808 633 918 688 castra
945 620 1159 713 perveniunt,
1184 618 1238 688 vel
1264 644 1365 690 excu·
1411 679 1416 687 ,

287 734 390 803 saturi
411 732 593 827 praeteritas
615 723 763 816 fraudes,
784 726 838 795 vel
865 748 984 814 novas,
1008 726 1035 793 si
1055 723 1173 816 liceat,
1202 728 1377 795 innexuri.'

287 842 384 929 Quos
402 839 460 907 ubi
481 840 593 907 Caesar
619 837 761 929 aspexit,
784 832 875 903 nulla
897 834 1029 927 penitus
1053 832 1097 900 de
1126 858 1162 901 re
1182 834 1312 902 auditos
1327 833 1366 902 il·

287 946 351 1015 lieo
370 947 444 1040 capi
461 945 573 1037 jussit,
595 942 774 1035 simulque,
792 942 942 1009 insecuto
964 940 1028 1008 iter
1045 942 1207 1026 exercitu,
1228 942 1368 1011 festinus

288 1050 436 1147 arripuit.
459 1053 501 1119 In
521 1074 588 1143 quo
607 1048 813 1135 ordinando,
832 1072 941 1142 nuper
963 1047 1070 1115 victos
1098 1049 1223 1140 equites
1249 1050 1285 1115 in
1310 1072 1366 1115 ex·
1484 1107 1486 1112 ⁴

286 1176 394 1229 tremo
416 1159 544 1253 posuit,
563 1180 605 1223 ne
628 1156 714 1225 forte
727 1153 872 1248 reliquiae
889 1152 1038 1248 praedicti
1055 1168 1162 1221 metus
1180 1153 1297 1248 aliquae
1312 1178 1367 1223 su·
1484 1205 1487 1219 .

287 1280 474 1362 peressent,
487 1263 608 1358 quibus
623 1264 722 1331 etiam
737 1261 894 1355 intrepidi
909 1259 1111 1329 afflarentur.
1127 1262 1180 1329 Sic
1199 1261 1242 1330 ad
1254 1261 1368 1329 hostes
1484 1312 1487 1352 3

288 1396 456 1469 generosae
473 1370 591 1466 plenus
612 1371 684 1457 irae,
707 1384 741 1437 et
761 1368 933 1464 degeneris
964 1390 1093 1434 memor
1120 1366 1266 1460 injuriae,
1289 1393 1368 1462 pro·
1483 1422 1487 1460 ,

287 1480 451 1574 perabat:
477 1493 510 1546 et
538 1490 616 1544 octo
640 1474 742 1544 millia
774 1498 932 1570 passuum
956 1473 1046 1543 dicto
1077 1476 1172 1543 citius
1195 1499 1369 1561 emensae,

286 1585 349 1654 illis
370 1586 526 1680 apparuit
547 1598 724 1677 antequam
743 1582 824 1676 quid
844 1581 885 1649 de
905 1580 1021 1675 legatis
1032 1583 1104 1650 suis
1123 1596 1225 1669 esset,
1245 1581 1369 1675 quidve
1482 1615 1487 1678 ὲ

289 1694 330 1761 de
348 1692 521 1779 hostibus,
548 1692 632 1758 scire
663 1692 863 1783 potuissent;
892 1687 1001 1757 subita
1028 1711 1064 1755 re
1094 1688 1233 1775 turbati,
1259 1712 1370 1781 neque
1481 1749 1487 1783 ,

289 1823 382 1867 arma
395 1822 502 1893 neque
515 1796 652 1866 consilia
660 1796 813 1890 capiendi
827 1796 934 1890 spatio
949 1794 1083 1882 relicto,
1101 1795 1239 1865 anhosti
1249 1814 1369 1864 occur·

290 1920 420 1993 rerent,
440 1929 483 1972 an
503 1918 611 1973 castra
627 1902 860 1989 defenderent,
875 1926 918 1969 an
938 1900 1076 1969 salutem
1090 1900 1168 1995 fuga
1182 1916 1370 1996 quaererent
1485 1919 1486 1984 j

287 2010 554 2104 incerti,stupidi
568 2009 748 2077 haerebant.
770 2009 913 2101 Cognita
932 2008 1152 2101 trepidatione
1169 2008 1316 2077 hostium
1335 2001 1370 2077 et
1480 2072 1485 2106 Ι,

290 2118 506 2187 fluctuatione
516 2116 690 2184 hominurn
700 2139 739 2183 ac
757 2117 928 2208 signorum
940 2116 1088 2202 ,romani
1109 2113 1228 2185 milites
1246 2129 1280 2183 et
1295 2113 1369 2184 illo·

288 2250 366 2293 rum
375 2224 515 2319 perfidia
530 2236 564 2291 et
578 2222 715 2290 hortatu
725 2223 776 2290 sui
790 2222 884 2291 ducis
894 2220 1041 2316 impulsi,
1052 2235 1160 2289 castra
1169 2221 1371 2315 pervadunt,
1480 2289 1487 2320 3

289 2333 389 2426 pauci
409 2332 516 2424 parati
532 2329 716 2421 armatique
735 2330 884 2397 restitere
897 2354 906 2413 3
926 2327 980 2396 alii
994 2342 1105 2397 autem
1120 2321 1280 2399 infamem
1296 2355 1370 2397 orn·
1482 2322 1487 2332 ¹

289 2462 348 2506 nes
372 2437 486 2531 fugam
507 2438 686 2530 arripuere.
709 2437 864 2504 Immisso
883 2450 962 2531 post
985 2459 1043 2504 eos
1062 2436 1225 2530 equitatu,
1246 2460 1372 2533 magna
1479 2508 1483 2523 ι

289 2545 413 2613 horum
434 2547 469 2611 in
489 2545 605 2612 itinere
629 2558 756 2637 strages
777 2543 860 2612 fuit:
879 2542 1017 2630 dehinc,
1040 2545 1171 2638 agmine
1189 2558 1372 2638 perpetuo,

290 2651 332 2720 ad
354 2650 578 2718 confluentem
601 2650 711 2718 Rheni
728 2645 818 2719 acet
834 2652 940 2718 Mosae
958 2647 1076 2736 delati,
1097 2675 1201 2744 quum
1221 2674 1256 2719 se
1275 2665 1371 2733 metu

290 2758 533 2852 insequentium
553 2757 587 2825 in
608 2758 801 2851 oppositum
819 2780 951 2824 amnem
969 2757 1174 2848 injecissent,
1193 2771 1227 2825 et
1239 2755 1371 2827 lassitu·
1481 2830 1487 2856 ,

291 2863 387 2951 dine,
403 2878 436 2932 et
454 2887 598 2958 pavore,
616 2877 650 2931 et
671 2866 798 2958 impetu
818 2862 903 2931 alvei
923 2859 1101 2958 superante
1119 2863 1261 2932 demersi
1280 2880 1370 2933 sunt.
1481 2860 1487 2917 ἶ

291 2972 344 3039 Ita
365 2994 458 3064 paene
477 2993 592 3038 omnes
609 2971 730 3063 partim
751 2993 885 3064 pugna,
901 2971 1024 3063 partim
1035 2969 1133 3064 fuga,
1147 2972 1269 3064 partim
1283 2994 1371 3065 aqua
1481 3048 1487 3068 ¹

292 3077 518 3170 consumpsit,
533 3101 636 3170 quum
645 3075 755 3145 essent
762 3075 863 3144 millia
881 3075 1056 3145 hominum
1073 3076 1316 3170 quadringenta
1329 3103 1374 3162 ae
1482 3076 1487 3115 ³

292 3184 451 3278 triginta:
475 3184 589 3252 suain
612 3198 720 3252 castra
749 3206 902 3250 reversus
936 3185 1065 3269 Caesar,
1094 3182 1253 3252 incolumi
1279 3207 1373 3252 exer-

292 3291 376 3377 citu,
391 3291 513 3358 mirum
528 3288 637 3378 dictu,
653 3303 749 3357 tanto
762 3313 804 3356 ex
821 3287 909 3356 bello
923 3289 1038 3382 paucis
1054 3289 1286 3358 tantummodo
1295 3289 1371 3359 uul-
1475 3326 1480 3338 ·

292 3399 434 3485 necatis,
456 3420 559 3490 quum
590 3394 715 3490 legatos
743 3393 973 3489 reliquosque,
1001 3420 1085 3489 quos
1106 3399 1180 3490 capi
1204 3397 1372 3490 jusserat,
1484 3478 1486 3482 ¹

293 3505 489 3592 invenisset,
510 3500 638 3570 absolvi
659 3503 751 3589 fecit,
778 3516 900 3595 etque
926 3500 1049 3570 vellent
1075 3502 1220 3571 abeundi
1255 3497 1375 3573 tribuit

294 3609 471 3679 licentiam.
495 3608 548 3677 Illi
568 3633 649 3676 vero
672 3605 868 3696 Gallorum,
890 3624 1029 3704 propter
1049 3624 1232 3704 occupatos
1252 3635 1372 3679 eorum
1485 3596 1486 3621 ³

169 3788 179 3795 ,
293 3716 397 3804 fines,
426 3715 630 3785 iracundiam
654 3729 860 3803 metuentes,
889 3716 980 3808 apud
1010 3717 1177 3786 Caesarem
1209 3716 1373 3807 residere,
1485 3802 1486 3809 ἵ

295 3825 441 3891 muneris
461 3823 582 3909 instar,
606 3835 784 3916 optarunt,
807 3847 891 3916 quos
914 3847 1027 3892 secum
1050 3820 1103 3890 ille
1122 3819 1372 3918 magnanimus,

295 3953 453 3998 concessa
472 3927 643 4013 libertate,
663 3927 812 3997 detinuit.
1101 3921 1106 3932 ’

348 4038 428 4104 Post
449 4035 521 4103 haec
541 4036 652 4103 Caesar
672 4035 781 4104 modis
798 4035 952 4104 omnibus
972 4036 1130 4105 Rhenum
1147 4038 1288 4105 transire
1304 4034 1373 4106 dis·

296 4142 413 4236 ponit:
434 4138 546 4212 multae
560 4165 636 4211 euin
653 4141 870 4237 impellebant
884 4165 1006 4232 causae3
1023 4159 1092 4212 tres
1108 4140 1274 4237 inprimis3
1292 4166 1373 4212 nam
