3000 5025
314 480 389 562 440
606 475 644 545 C.
672 475 818 544 JULII
845 473 1083 543 CAESARIS

312 603 465 702 μηδεμίαν
491 608 783 692 καταποντισθῆναι·
809 609 878 674 ἀλλ’
892 611 927 674 ἐκ
955 617 1017 674 τῶν
1045 613 1137 674 κενῶν
1160 608 1245 692 αὐτῷ
1271 607 1307 672 ἐκ
1327 613 1382 681 τῆς

311 715 435 808 ἠπείρου
457 715 741 808 ἀποπεμπομένων,
760 725 821 781 τῶν
837 724 943 780 τετοῦ
961 715 1110 806 προτέρου
1126 718 1224 794 πλοῦ,
1245 709 1327 803 μετὰ
1346 713 1384 778 τὸ

312 821 471 896 ἐκτεθῆναι
500 823 571 900 τοὺς
600 825 794 914 ςρατιώτας,
808 820 860 887 καὶ
878 829 960 903 τῶν,
973 819 1013 886 ὧν
1034 825 1051 886 ὁ
1073 812 1228 896 Λαύιηνθς
1250 819 1384 891 ἐναυπη-

312 954 424 1023 γησεν,
440 926 470 994 αἳ
485 931 644 1020 σύμπασαι
658 922 809 1005 ἑξήκοντα
828 924 905 998 ἦσαν
923 926 978 993 τὸν
994 925 1139 1021 ἀριθμὸν,
1151 923 1252 1018 ὀλίγαι
1266 923 1307 1001 εἰς
1327 925 1382 996 τὴν

311 1033 498 1126 Βρηταννίαν
531 1025 771 1126 εὐθυδρύμησαν·
798 1033 830 1099 αἱ
855 1024 890 1098 δὲ
914 1033 1022 1100 λοιπαὶ
1045 1032 1225 1122 τοῦμπαλιν,
1244 1032 1304 1097 ὑπὸ
1328 1037 1383 1096 τοῦ

313 1143 423 1234 ἀνέμου
447 1141 657 1214 ἀπεώσθησαν.
677 1143 803 1217 Ταύτας
822 1131 857 1224 δὲ
874 1139 981 1231 χρόνον
1002 1135 1074 1235 τινὰ
1097 1136 1198 1228 μάτην
1220 1142 1237 1203 ὁ
1260 1139 1382 1224 Καῖσαρ

312 1246 552 1339 ἀναμείνας,μή
577 1257 617 1340 τῇ
644 1256 700 1312 τοῢ
723 1247 810 1324 ἔτους
834 1241 948 1337 ὥρᾳ(ὁ
973 1242 1103 1338 μὲνγὰρ
1123 1245 1382 1334 κύναςροςέπλη-

313 1349 436 1438 σίαζεν)
450 1353 634 1446 ἀποκλεισθῇ
658 1364 714 1418 τοῦ
737 1359 834 1434 πλοῦ,
847 1351 1005 1444 ςενύτερον
1028 1351 1100 1427 τοὺς
1124 1352 1302 1441 ςρατιώτας
1318 1357 1383 1425 ταῖς

310 1459 415 1526 ναυσὶν
433 1460 561 1534 ἐνέθηκε·
577 1457 629 1526 καὶ
649 1465 765 1535 πολλῆς
783 1457 1005 1548 συνενεχθείσης
1023 1459 1177 1551 γαλήνης,
1188 1458 1224 1534 ἐκ
1241 1466 1298 1532 τῆς
1318 1445 1383 1520 δευ·

311 1569 400 1658 τέρας
419 1573 555 1660 ρυλακῆς
574 1566 743 1656 ἀρχομένης
766 1561 1058 1654 ἀναχθεὶς,ιπάσαις
1080 1564 1171 1647 σῴαις
1191 1570 1260 1639 ταῖς
1279 1561 1381 1629 ναυσὶν

310 1674 370 1740 ὑπὸ
385 1675 442 1747 τὴν
457 1677 496 1740 ἕω
510 1698 550 1744 τι.
570 1669 683 1764 ἠπείρῳ
697 1673 895 1762 προσύκειλι.

364 1781 494 1847 XXIV.
506 1777 569 1855 Τὰς
584 1769 618 1846 δὲ
631 1787 702 1854 ναῦς
716 1772 952 1859 ἐξελκύσας,καὶ
965 1780 1021 1850 τὴν
1035 1786 1097 1843 τῶν
1111 1775 1238 1869 Γάλλων
1253 1765 1380 1850 σύνοδον

312 1887 343 1950 έν
369 1895 409 1978 τῇ
431 1878 644 1977 Σαμαρούρίνη
665 1886 811 1966 τελέσας,
835 1873 890 1949 διά
911 1884 949 1950 τὸ
975 1894 1020 1970 τῷ
1041 1885 1102 1950 ἔτει
1124 1884 1227 1969 τούτῳ
1254 1880 1379 1948 σπάνιον

311 1988 365 2058 τὸν
389 1998 473 2058 σῖτον
497 1993 526 2057 ἐν
550 1991 575 2056 Γ
576 1989 691 2080 αλατίᾳ
710 1997 818 2080 φῦναι,
838 1986 938 2067 άλλως
958 1988 977 2062 ἢ
998 1997 1063 2066 τοῖς
1084 1985 1187 2067 ἄλλοις
1207 1990 1306 2054 ἔτεσιν
1324 1990 1379 2060 τὴν

311 2094 441 2188 ςρατιάν
464 2101 493 2164 έν
512 2089 684 2188 χειμαδίοις
704 2095 881 2190 ἠναγκάσθη
897 2087 1088 2163 διατάττειν·
1104 2094 1156 2162 καὶ
1171 2093 1215 2162 τδι
1230 2094 1381 2189 τάγματα

311 2202 351 2280 εἰς
369 2201 487 2280 πολλὰς
506 2203 608 2280 πολεις
627 2193 773 2290 διασπᾷν.
795 2179 839 2267 θν
865 2202 918 2293 μὲν
945 2198 996 2268 οὖν
1023 2210 1086 2268 τῶν
1109 2207 1282 2295 ταγμάτων
1299 2198 1380 2286 Γαίῳ

311 2303 437 2394 Φαύίῳ,
457 2308 498 2374 ἑνὶ
516 2319 577 2375 τῶν
599 2313 843 2402 ὑποςρατηγῶν,
863 2318 919 2374 τοῦ
933 2306 1011 2375 αὐτὸ
1029 2307 1070 2386 εἰς
1083 2310 1138 2381 τὴν
1157 2316 1220 2374 τῶν
1238 2307 1379 2399 Μορίνων

311 2418 412 2506 χώραν
434 2411 516 2508 άγειν
535 2417 639 2496 ἕνεκα,
653 2406 840 2504 παρέδωκεν·
856 2411 885 2480 ἓν
901 2405 935 2480 δὲ
950 2413 1002 2480 καὶ
1015 2424 1061 2502 τῷ
1074 2410 1199 2499 Κοίντῳ
1211 2415 1379 2506 Κικέρωνι,

219 2586 221 2596 ,
312 2522 458 2601 τοῦαύτὸ
481 2520 520 2599 εἰς
544 2525 599 2595 τὴν
614 2530 677 2588 τῶν
691 2519 843 2615 Νερουίων
861 2518 942 2615 άγειν
956 2525 1078 2614 χώραν,
1092 2520 1144 2587 καὶ
1161 2517 1238 2587 ἀλλο
1249 2521 1380 2607 ΙΛουκίιρ

310 2614 450 2714 Ροσιιίῳ,
464 2628 505 2706 εἰς
518 2630 573 2701 τὴν
594 2636 655 2713 τῶν
674 2613 818 2695 Εσσουῶν
832 2624 935 2722 ἀγειν,
950 2619 1055 2699 ἔδωκε·
1069 2629 1221 2714 τέταρτον
1233 2617 1291 2710 δὲ,
1304 2633 1378 2700 πλη·

311 2734 375 2801 σίον
390 2742 451 2800 τῶν
469 2730 617 2828 Τρευΐρων
633 2738 662 2800 ἐν
681 2743 721 2826 τῇ
741 2744 802 2802 τῶν
816 2718 927 2826 δήμων
945 2738 1032 2827 χώρᾳ
1045 2721 1197 2824 χειμάζειν
1212 2736 1320 2817 ἕνεκα,
1333 2743 1377 2820 τῷ

310 2840 438 2932 ὑπάρχῳ
463 2840 549 2928 Τίτῳ
575 2834 720 2925 Λαύιηνῷ
745 2831 915 2934 παρέδωκε·
935 2840 1008 2933 τρία
1033 2830 1063 2905 δ’
1084 2834 1166 2907 ἀλλα
1190 2842 1220 2905 έν
1247 2849 1290 2932 τῇ
1317 2847 1377 2906 τῶν

311 2950 431 3040 Βελγῶν
448 2951 534 3040 χώρᾳ
548 2939 568 3013 δ
572 2940 716 3028 ιατάξας,
731 2949 853 3023 τούτοις
865 2945 994 3038 Μάρκον
1008 2944 1169 3038 Κράσσον,
1180 2944 1232 3011 καὶ
1245 2949 1376 3013 Λούκιον

311 3052 485 3121 Μουνάτιον
510 3053 676 3147 Πλάγκον,
699 3052 751 3119 καὶ
772 3051 868 3119 Γάϊον
891 3046 1082 3145 Τρηύύνιον,
1102 3053 1261 3128 ἐπέςησεν.
1294 3034 1375 3120 Ᾰλλο

312 3151 347 3225 δὲ
361 3159 435 3250 πρὸς
451 3160 572 3237 τούτοις
591 3156 712 3235 ὂνεωςὶ
724 3160 818 3251 πέραν
832 3168 888 3227 τοῦ
902 3139 992 3251 Ῑςρου
1005 3152 1208 3241 κατελέξατο,
1221 3156 1274 3225 καὶ
1286 3160 1375 3225 πέντε

311 3263 435 3357 σπείσας
454 3265 493 3343 εἰς
508 3267 564 3338 τὴν
583 3272 645 3331 τῶν
664 3251 842 3357 Εύουρύνων
864 3268 984 3356 χώραν,
1005 3262 1045 3331 ὧν
1066 3264 1095 3331 οἱ
1116 3271 1237 3341 πλεῖςοι
1260 3258 1374 3355 μεταξὺ

311 3381 367 3449 τῆς
385 3373 493 3447 Μύσης
516 3371 568 3437 καὶ
590 3382 646 3438 τοῦ
664 3355 762 3445 Ρύνου
784 3370 916 3455 οἰκοῦσι,
930 3371 982 3437 καὶ
1002 3372 1076 3439 τότε
1095 3372 1156 3439 ύπύ
1176 3396 1211 3437 τε
1233 3380 1290 3437 τοῦ
1309 3360 1374 3462 Ap·

311 3471 449 3570 ύιόρυγος
460 3528 469 3560 ,
482 3476 534 3543 καὶ
548 3487 604 3545 τοῦ
618 3472 835 3545 Κατιύούλκου
848 3471 1079 3559 ἐύασιλεύοντο,
1091 3473 1232 3567 πέμψας,
1243 3474 1371 3544 Κοίντον

310 3586 488 3675 Τιτούριον,
507 3582 558 3649 καὶ
578 3585 708 3651 Λούκιον
725 3586 970 3678 Αύρογκουλύίον
992 3583 1141 3666 Κότταν,
1155 3589 1220 3661 τοῖς
1239 3585 1373 3678 ςρατιύ·

310 3716 378 3767 ταις
392 3692 512 3767 τούτοις
526 3692 701 3757 ἐπέστησεν.
718 3692 813 3755 Οὕτω
831 3690 887 3782 μὲν
899 3686 949 3757 οὖν
964 3688 1007 3757 τά
1020 3691 1169 3783 τάγματα
1182 3681 1372 3771 διασπάσας,
1433 3713 1436 3719 ·

311 3786 421 3888 ῥᾳδίως
440 3805 480 3889 τῇ
503 3787 641 3887 σιτοδείᾳ
661 3802 765 3890 ἠγεῖτο
783 3798 1028 3889 προνενοηκέναι,
1042 3794 1093 3863 καὶ
1115 3791 1158 3860 τά
1174 3786 1321 3887 χειμάδια
1340 3787 1370 3869 δ’

309 3907 389 3995 ὅμως
414 3901 625 3971 πάντωντῶν
652 3902 823 3997 ταγμάτων
850 3905 989 3985 τούτων,
1002 3904 1082 3975 πλην
1104 3911 1178 3985 τοῦ,
1194 3900 1228 3968 ού
1251 3901 1291 3979 είς
1315 3904 1369 3976 τὴν

310 4007 428 4085 ιιαλιςα
452 4012 620 4103 ἡγουμένην
635 4020 703 4087 Ιτῆς
730 4008 887 4086 Γαλατίας
911 4012 1013 4101 χώραν
1040 4017 1088 4095 τῷ
1113 4007 1235 4095 Λουκίῳ
1254 3993 1369 4091 ῥοσκίῳ

308 4104 419 4186 ἔδωκεν
435 4100 534 4213 ἀγεινθ,
548 4114 731 4209 τάγματος,
741 4119 771 4182 ἐν
789 4105 983 4211 ὀγδοήκοντα
995 4106 1112 4193 ςαδίων
1132 4113 1255 4206 μυριάσι
1267 4112 1369 4206 περιεί·
