3000 5025
332 519 401 607 DE
428 518 557 589 VITA
583 520 730 589 JULII
750 520 1005 591 castula
1161 518 1210 593 85

149 646 290 719 inGal'lia·
296 652 509 737 existentem,
523 649 662 745 supplex
676 668 874 742 accesserat,
888 668 1127 748 susceptusque
1139 668 1211 722 erat

149 756 177 821 in
189 756 329 849 gratiam.
345 758 600 826 Trinouantium
615 758 804 853 exemplum
819 775 939 829 secutae
952 763 1097 854 quinque
1111 760 1212 829 urbes

30 852 32 877 ⁸
149 860 207 930 alia
220 856 480 935 se'oonsimiliter
498 862 705 934 dediderunt.
721 866 774 934 Ab
788 866 839 935 his
853 866 990 935 edoctus
1009 868 1211 960 Caesar,qua

148 968 176 1036 in
191 967 265 1037 silva
283 968 514 1039 Casmellanus
531 968 642 1039 locum
661 974 936 1059 munitissimum,
955 987 989 1041 et
1009 973 1138 1041 obicem
1153 998 1212 1041 cae·

148 1098 249 1145 sarum
262 1076 420 1145 arborum
443 1101 482 1145 ac
505 1075 664 1171 paludum
686 1103 772 1172 pene
795 1078 1033 1148 inacessibilem
1054 1079 1211 1168 haberet,

146 1194 231 1275 atque
249 1182 307 1251 ubi
327 1186 367 1251 se‘
383 1184 540 1252 tutiorem
559 1208 659 1278 quam
682 1183 756 1254 ullis
778 1187 813 1253 in
835 1186 974 1254 urbibus
993 1177 1210 1273 existimaret,

146 1286 187 1359 his
205 1290 282 1382 ipsis
302 1288 462 1378 ducibus,
478 1289 521 1357 ad
536 1314 613 1359 eum
627 1293 744 1386 pergit.
765 1293 877 1380 Quem
898 1317 1001 1387 quum
1023 1292 1209 1387 aliquantu·

145 1391 202 1463 lum
220 1394 541 1491 defendissent„qui
563 1396 605 1465 ad
627 1398 812 1467 custodiam
834 1400 983 1494 deputati
1002 1413 1113 1485 erant,
1132 1398 1211 1492 fuga

145 1500 266 1571 tandem
280 1504 442 1597 praecipiti
457 1502 637 1597 reliquere,
657 1506 692 1572 in
705 1528 772 1599 qua
784 1505 881 1573 multi
896 1506 1043 1575 hostium
1057 1530 1213 1598 compre·

144 1605 225 1677 lensi
246 1608 412 1703 occisique
436 1624 533 1697 sunt,
554 1609 764 1703 multumque
792 1612 838 1694 ibi
862 1614 991 1706 peeoris
1018 1613 1211 1699 inventum3

141 1710 223 1784 loeus
239 1731 451 1811 expugnatus
466 1716 699 1810 effractusque.
713 1716 959 1804 CasmellanuS,
973 1717 1026 1785 his
1040 1732 1212 1811 permotus

141 1820 251 1909 rebus,
274 1837 419 1917 quatuor
447 1825 625 1892 Britanniae
652 1823 805 1919 regulos,
825 1826 883 1918 qui
908 1838 1021 1918 partes
1046 1838 1212 1891 extremas
1316 1859 1320 1866 ⁴

30 1946 31 1965 ¹
139 1926 247 1999 insulae
273 1928 453 2024 regebant,
471 1954 532 2025 per
554 1929 680 2025 legatos
702 1930 744 1999 ad
765 1928 825 1999 soli
845 1929 962 1999 natalis
983 1928 1170 1998 auxilium
1162 1954 1211 1996 m-

30 2026 31 2031 *
139 2034 236 2105 vitat·
250 2036 348 2129 jubet
368 2050 407 2103 ut
423 2059 597 2105 romanam
616 2034 772 2125 classem,
792 2052 827 2105 et
844 2052 953 2106 castra
967 2061 1028 2131 per
1048 2036 1142 2104 ducis
1159 2035 1212 2103 ab·

138 2143 273 2211 sentiam
293 2142 483 2232 indefensa,
500 2145 631 2237 quantis
653 2145 782 2264 possint
798 2144 943 2231 viribus,
958 2142 1126 2213 invadant
1150 2144 1212 2210 Pa·

138 2263 207 2317 rent
224 2247 292 2335 illi,
308 2274 367 2317 seu
385 2251 500 2344 patriae
513 2251 651 2337 caritas,
668 2275 726 2319 seu
735 2250 847 2342 jussus
863 2251 1041 2345 superioris
1057 2261 1213 2343 urgeret3

136 2379 303 2452 quumque
316 2355 359 2424 ad
374 2370 483 2424 castra
494 2358 679 2445 venissent,
693 2372 907 2451 erumpentes
922 2357 1084 2443 Romani,
1101 2354 1212 2424 multis

136 2464 270 2552 occisis,
289 2477 323 2533 et
342 2456 411 2532 uno
433 2470 552 2558 regum
569 2477 688 2557 capto,
709 2464 764 2533 cdi
780 2465 962 2558 Legotorix
979 2487 1104 2532 nomen
1119 2464 1212 2550 erat,

135 2569 218 2638 intra
239 2569 366 2638 vallum
389 2571 527 2665 sospites
552 2570 688 2638 rediere.
713 2573 794 2658 Quo
814 2585 956 2658 eventu,
975 2585 1009 2638 et
1028 2567 1212 2663 praesertim

136 2674 301 2748 deditione
331 2677 486 2763 urbium,
506 2679 611 2770 magis
632 2683 681 2750 ‘ac
710 2677 817 2770 magis
844 2674 1071 2745 Casmellanus
1101 2677 1214 2742 animo

134 2806 333 2879 concussus,
353 2807 392 2853 ao
408 2781 537 2852 diffisus
554 2781 661 2870 bello,
680 2806 796 2876 pacem
812 2783 922 2875 petiit,
938 2780 1140 2849 deditionem
1159 2781 1214 2848 ob-

136 2888 222 2979 tulit,
245 2904 281 2958 et
302 2879 363 2985 per
384 2891 575 2958 Commium
595 2889 808 2975 Atrebatem,
828 2912 929 2982 quern
947 2887 1002 2955 ille
1022 2889 1057 2954 in
1078 2887 1213 2972 amicis,

137 2996 246 3067 Cesar
263 2998 350 3064 inter
365 2993 450 3066 fidos
463 2995 711 3084 ,·nurnerabat,
730 2995 862 3063 veniam
879 2995 1077 3088 impetravit.
1098 2994 1214 3082 Quum

135 3105 218 3174 enim
249 3103 392 3172 Caesaris
416 3116 503 3170 esset
524 3103 664 3172 intentio
686 3103 720 3169 in
746 3099 856 3172 Gallia
880 3101 1075 3188 hibernare,
1093 3115 1126 3169 et
1144 3101 1214 3193 jam

30 3215 32 3284 Ϊ
136 3208 204 3279 linis
221 3233 333 3306 prope
348 3223 435 3278 esset
451 3209 589 3296 aestatis,
608 3233 680 3302 quae
696 3206 864 3278 multo'ibi
881 3222 931 3276 est
945 3207 1095 3293 brevior,
1114 3205 1215 3300 quam

136 3315 306 3387 innostro
328 3313 427 3403 orbe,
445 3314 649 3383 mentionem
669 3317 760 3408 pacis
779 3339 849 3382 non
867 3314 990 3382 invitus
1012 3313 1154 3401 audivit,
1173 3337 1216 3380 ne

30 3489 31 3514 ,
137 3445 192 3514 per
210 3425 362 3498 hiemem
381 3423 470 3490 intra
493 3419 634 3489 insulam
650 3428 828 3490 teneretur.
852 3421 1039 3488 Contentus
1056 3444 1150 3512 reges
1162 3420 1215 3486 ιι

137 3529 279 3598 cisse'ac
294 3529 449 3622 cepisse,
472 3551 511 3596 ac
537 3527 750 3596 tributariam
773 3526 889 3596 fecisse
911 3527 1136 3613 Britanniam,
1158 3527 1216 3616 tri·

30 3643 31 3728 ᾗ
138 3631 256 3706 butum
271 3659 422 3704 annuum
437 3635 614 3730 imposuit,
636 3633 790 3702 obsides
780 3634 965 3727 rmperavit
970 3635 1089 3719 Nam,
1104 3646 1143 3704 ut
1157 3630 1218 3720 ele
1275 3670 1278 3674 v

139 3743 335 3832 gratissime
349 3742 397 3814 ait
416 3739 553 3835 Florus,
569 3763 640 3808 non
650 3744 858 3835 provzhcise,
878 3739 944 3810 sed
957 3743 1086 3834 aornim
1082 3708 1217 3827 stude

30 3847 32 3920 ἶ
140 3845 246 3918 bano.
268 3852 311 3918 In
333 3849 461 3917 cunctis
481 3847 770 3941 obtemperatum:
790 3845 872 3914 illud
893 3853 1085 3938 cupressum
1105 3821 1218 3914 dedito

141 3953 361 4048 imperatum,
382 3978 425 4025 ne
440 3977 505 4047 qua
519 3954 553 4022 ιιι
567 3978 603 4022 re
616 3952 875 4022 Trinouantibus
886 3950 1050 4045 ,aliisque
1064 3950 1219 4021 dedititiis
1241 4044 1244 4048 .

30 4101 32 4154 3
142 4059 393 4147 Romanorum,
415 4074 493 4128 ante
515 4058 604 4130 alios
618 4059 881 4146 Mandubracio,
901 4059 1000 4128 occisi
1017 4059 1108 4152 regis
1130 4055 1220 4145 filio,
1272 4051 1278 4056 ’

30 4177 32 4236 l
142 4184 308 4240 noceatur
329 4169 390 4241 His
404 4151 586 4266 explicitis,
600 4166 644 4236 ad
658 4163 752 4249 littus
769 4165 863 4237 etad
884 4163 1023 4260 classem
1032 4164 1152 4252 rediit,
1166 4187 1222 4233 ua·

975 4283 1020 4369 ,ι
