3000 5025
277 615 280 623 Δ
315 519 391 614 498
609 520 647 586 e.
675 515 821 585 mm
850 514 1089 583 cAEsAms

315 646 419 745 δρυμὰ
437 649 643 743 συνήθροισαν·
666 652 722 723 τὴν
744 640 780 715 δὲ
804 646 935 740 ςρατιδιν
958 653 1061 716 πεῖσαν
1087 649 1117 712 ἐν
1143 646 1204 739 ὅρει
1226 642 1332 733 ύψηλῷ
1348 672 1377 713 τε

314 759 365 826 καὶ
396 762 570 848 καταφανεῖ
596 755 636 834 εἰς
664 755 766 848 μάχην
802 748 989 848 παρέταξαν.
1022 758 1124 821 Τοῖτο
1154 745 1184 819 δ’
1209 753 1337 831 ἀκούσας
1363 759 1378 819 ό
1425 833 1427 839 Α

314 869 457 956 Καῖσαρ,
480 860 523 929 τὰ
542 864 595 955 μὲν
616 865 786 954 σκευοφόρα
805 862 846 940 εἰς
864 866 917 929 ἕνα
936 861 1033 928 τόπον
1058 859 1250 953 συνήθροισε,
1270 868 1332 937 τοῖς
1349 850 1376 924 δ’

314 976 503 1062 ςρατιώταις
522 968 564 1035 τὰ
583 961 666 1038 όπλα
680 964 849 1062 λαμόάνειν
865 971 1063 1062 παρήγγειλε.

367 1079 460 1145 XIX.
479 1057 526 1142 fiv
542 1067 578 1142 δὲ
598 1076 747 1142 πάντοθεν
765 1077 803 1142 τὸ
824 1076 898 1168 όρος
911 1074 1123 1167 καταπρανὲς,
1142 1073 1195 1140 καὶ
1211 1074 1313 1158 κύκλῳ
1329 1075 1381 1140 ἶλει
1424 1066 1431 1071 ’

315 1184 374 1251 τινὶ
395 1175 562 1267 δυσύάτῳ,
582 1186 638 1262 οὐκ
664 1185 814 1276 εὐρυτέρῳ
841 1183 1038 1254 πεντήκοντα
1060 1171 1191 1263 ποδῶν,
1213 1177 1381 1274 περιείχετο.

315 1290 381 1362 Καὶ
397 1294 426 1357 ἐν
446 1292 548 1375 τούτῳ
567 1289 620 1380 μὲν
635 1289 663 1355 οἱ
682 1289 798 1356 Γάλλοι
818 1286 875 1365 τάς
894 1289 1026 1382 γεφύρας
1041 1278 1261 1368 διαλύσαντες,
1276 1295 1314 1379 τῇ
1333 1295 1382 1351 τού

315 1397 414 1465 τύπου
441 1399 527 1487 φύσει
550 1395 730 1489 θαρροῦντες
759 1395 945 1487 κατέμενον,
969 1395 1040 1461 κατ’
1064 1393 1145 1471 ἔθνος
1166 1419 1219 1476 τε,
1241 1388 1382 1459 καὶκατὰ

315 1505 419 1582 πόλεις
434 1502 640 1596 μερισθέντες,
654 1501 756 1579 πάσας
771 1499 828 1579 τὰς
842 1503 958 1568 τούτου
971 1509 1028 1566 τοῦ
1042 1501 1130 1592 ὅρους
1144 1496 1280 1592 κορυφὰς
1294 1499 1383 1590 ἐφρού-

317 1637 404 1704 ρουν,
421 1613 503 1682 οὕτω
521 1611 577 1682 τήν
593 1610 716 1703 γνώμην
730 1609 1029 1702 παρεσκευασμένοι,
1045 1612 1086 1685 ὡς
1100 1601 1136 1672 ἀν
1155 1606 1184 1672 οἱ
1202 1592 1337 1698 Ρωμαῖοι
1352 1605 1382 1671 τδ

244 1735 247 1740 ’
316 1720 385 1794 ἕλος
399 1726 493 1783 τοῦτο
514 1707 680 1782 διαόαίνειν
702 1717 944 1807 ἐπιχειρήσειαν,
963 1717 1067 1790 αὐτοῖς
1086 1707 1154 1806 περὶ
1172 1716 1231 1786 τὴν
1252 1705 1383 1778 διάύασιν

316 1822 522 1904 έπιτίθεσθαι,
538 1821 589 1888 καὶ
604 1823 666 1888 ἀπὸ
690 1829 751 1889 τῶν
772 1819 884 1888 ἀνωθεν
902 1821 1008 1888 τόπων
1025 1820 1136 1897 αὐτοὺς
1154 1811 1318 1898 πιέζεσθαι·
1332 1821 1384 1894 ὥςε

316 1933 374 2004 τὴν
395 1930 449 2018 μὲν
469 1928 666 2001 πλησιότητα
687 1927 743 1996 τὀῦ
765 1928 864 1994 τόπου
887 1933 963 2019 ὁρῶν
985 1923 1021 1992 ἀν
1041 1951 1107 2008 τις,
1125 1924 1257 2011 ἐκείνους
1280 1919 1311 2002 ἐξ
1327 1922 1384 1990 ίσου

316 2036 457 2127 ἑτοίμους
477 2030 512 2101 διν
532 2033 606 2126 φαίη
624 2030 697 2102 εἶναι
719 2033 881 2126 μάχεσθαι·
901 2036 958 2108 τὴν
977 2023 1012 2098 δὲ
1029 2032 1202 2105 ἀνισότητα
1223 2039 1281 2101 τού
1298 2032 1384 2097 τόπον

317 2150 495 2224 κατανοῶν,
512 2138 640 2218 ε’κείνους
661 2139 782 2232 ματαίᾳ
801 2141 892 2232 μόνον
921 2134 1069 2230 ἀλαζονία
1093 2144 1171 2228 σφοῖς
1199 2131 1384 2206 ἐπιδεικνύειν

317 2247 414 2343 γνοίη.
435 2238 637 2339 Ᾱθυμοῦντας
657 2240 692 2314 δὲ
715 2250 787 2325 τοὺς
815 2251 927 2314 ἑαυτοῦ
954 2250 1167 2338 ςρατιύταςὸ
1189 2249 1330 2337 Καῖσαρ,
1344 2247 1386 2309 ὅτι

318 2358 401 2422 οὕτω
421 2345 461 2420 δι’
481 2352 584 2448 ὀλίγου
603 2344 799 2446 διαςήματος
823 2364 880 2430 τῆς
899 2359 982 2442 σφῶν
1006 2349 1103 2440 ὅψεως
1121 2351 1149 2418 οἱ
1167 2355 1312 2446 πολέμιοι
1328 2351 1386 2416 ἀνί-

318 2461 424 2553 χεσθαι
443 2467 598 2553 τολμῷεν,
612 2461 662 2528 καὶ
682 2463 719 2529 τὸ
740 2460 880 2554 σύνθημα
899 2459 1062 2537 αἰτοῦντας
1083 2468 1139 2537 τῆς
1157 2459 1281 2553 μάχης,
1298 2481 1387 2547 παρα·

319 2567 521 2661 μυθούμενος,
543 2570 628 2662 ἔλεγε
645 2565 747 2635 πολλὰ
773 2558 931 2635 διδάσκων
950 2574 990 2645 ὡς
1009 2564 1079 2634 ἀνευ
1095 2575 1152 2633 τοῦ
1175 2574 1301 2635 πολλῶν
1319 2564 1387 2659 ἀγα-

319 2676 378 2743 θῶν
400 2665 518 2766 ἀνδρῶν
540 2674 675 2742 θανάτου
697 2665 851 2755 ἀδύνατον
879 2673 923 2746 εἴη
944 2674 1020 2740 τότε
1046 2671 1130 2763 σφίσι
1146 2677 1246 2762 νικᾷν·
1273 2679 1347 2766 ὀρῶν
1362 2660 1386 2732 δ’

320 2783 432 2859 αὐτοὺς
458 2792 513 2859 τῆς
539 2786 650 2849 ἑαυτοῦ
676 2772 769 2859 δόξης
796 2783 883 2847 ἕνεκα
901 2770 1010 2846 οὐθένα
1034 2774 1239 2871 ύουλομένους
1262 2770 1387 2846 κίνδυνον

261 2978 262 2997 γ
320 2880 520 2970 ἀναδύεσθαι,
542 2882 625 2968 ἀξιος
645 2884 719 2955 εἶναι
738 2888 795 2978 ἔφη
815 2896 872 2955 τοῦ
890 2877 1089 2964 ἀδικώτατος
1112 2883 1284 2979 κρίνεσθαι,
1301 2883 1334 2957 ἢν
1351 2883 1386 2971 μθ

320 3005 377 3061 τοῦ
401 2999 512 3068 ἑαυτοῦ
538 2994 662 3063 ἐπαίνου
692 2994 748 3063 τὴν
776 2997 877 3062 αὐτῶν
903 2988 983 3072 ζωήν
1011 2990 1080 3086 περὶ
1106 2992 1248 3071 πλείονος
1275 2992 1387 3080 ποιόῠη·

321 3103 416 3167 Ούτω
431 3101 484 3192 μὲν
502 3098 552 3167 οὖν
568 3101 640 3179 τοὺς
651 3103 829 3193 ςρατιώτας
842 3098 1152 3193 παραμυθησάμενος,
1162 3110 1204 3193 τῇ
1212 3096 1387 3189 αύπῇήμέρφ

321 3208 479 3302 ἀπήγαγεν
490 3207 544 3275 έπὶ
558 3209 595 3275 τὸ
610 3196 826 3299 ςρατόπεδον,
837 3197 880 3274 τά
897 3209 927 3272 τ’
945 3202 1045 3288 ἄλλα,
1059 3202 1102 3272 τὰ
1116 3208 1193 3299 πρὸς
1211 3209 1270 3280 τήν
1282 3210 1389 3291 πολιορ

321 3312 406 3397 κίαν,
419 3307 650 3405 παρεσκεύαζεν.

375 3422 452 3488 XX.
473 3406 501 3486 ί)
516 3411 551 3487 δὲ
565 3412 806 3514 Βερκιγγέτορυξ
823 3421 900 3511 πρὸς
916 3421 954 3487 τὸ
969 3424 1082 3485 ἑαυτοῦ
1099 3410 1297 3513 ςρατόπεδον
1311 3420 1388 3481 ε’παν-

321 3526 431 3608 ελθὼν,
446 3526 514 3621 περὶ
527 3519 702 3621 προδόσεως
719 3525 926 3619 κατηγορήθη·
941 3535 1065 3618 πρῶτον
1084 3527 1155 3618 μὲν,
1170 3528 1222 3591 ότι
1238 3525 1385 3619 ἐγγύτερον

320 3645 383 3701 τῶν
408 3618 577 3725 Ρωμαίων,
601 3632 620 3708 ἢ
649 3631 799 3726 πρόσθεν,
825 3625 1125 3725 ίςρατοπεδεύσατο·
1151 3633 1262 3699 ἔπειτα
1280 3622 1331 3710 δὲ,
1347 3630 1388 3692 ότι

321 3745 383 3808 πεῖν
402 3740 440 3807 τὸ
460 3740 583 3807 ἱππικὸν
603 3736 702 3833 ἀγων,
721 3740 874 3813 ἀπήλασε·
898 3742 1067 3830 μετέπειτα
1085 3729 1136 3822 δὲ,
1157 3741 1208 3804 ὅτι
1227 3735 1297 3804 ἀνευ
1318 3757 1386 3826 ςφα-

321 3856 418 3941 τηγοῢ
432 3849 588 3919 τοσαύτην
610 3844 741 3939 ςρατιὰν
762 3846 937 3912 κατέλιπεν·
952 3846 1028 3939 πρὸς
1045 3847 1168 3922 τούτοις
1186 3836 1218 3910 δ’
1234 3848 1284 3911 ὅτι
1303 3844 1386 3907 αὑτοῦ

322 3954 472 4036 ἀπόντος,
492 3953 520 4020 οἱ
535 3938 669 4044 Ρωμαῖοι
687 3955 842 4029 τοσαύτης
854 3946 1004 4030 λαύόντες
1019 3951 1168 4045 εὐκαιρίας
1188 3949 1239 4018 ἐπὶ
1257 3951 1296 4015 τὸ
1313 3952 1385 4034 σφῶν

322 4052 518 4151 ςρατόπεδον
536 4057 638 4133 ἦλθον·
655 4070 759 4127 ταῦτα
774 4059 828 4150 μὲν
847 4055 906 4153 γὰρ
926 4058 1033 4126 πάντα
1047 4061 1147 4151 τύχῃ,
1161 4056 1214 4125 καὶ
1232 4054 1302 4123 ἀνευ
1316 4050 1385 4123 τινὸς

323 4160 434 4244 ύουλῆς
454 4158 607 4233 ἀδύνατον
622 4163 696 4233 εἶναι
714 4159 951 4257 συμόεύηκέναι·
966 4166 1036 4233 ἀλλ’
1056 4167 1166 4234 ἐκεῖνον
1184 4166 1241 4239 τὴν
1260 4171 1315 4238 τῆς
1331 4158 1354 4223 Γ
1355 4180 1386 4219 α·
