3000 5025
283 517 587 587 INTERPRES
614 514 851 586 G-RAECUS.
880 520 977 587 LIII.
1005 521 1093 590 vll.
1151 517 1226 593 515

148 647 166 723 ἢ
184 648 269 728 λείας
288 642 390 717 ἐλπίδι
411 649 596 745 προσωτέρω
619 651 676 719 τοῦ
696 642 821 729 δέοντος
840 655 996 743 προιέναι,
1010 652 1081 721 τίνα
1100 645 1226 724 δόναιτο

146 761 165 830 ή
187 765 243 823 τοῦ
266 758 364 824 τόπου
381 758 541 841 ἀνισότης,
559 758 610 824 καὶ
630 749 787 851 δυσχωρία
803 753 921 833 όλάθην
939 761 1100 853 παρέχειν,
1115 765 1226 842 αὐτοὺς

149 853 323 948 διδάσκων,
338 867 367 930 έν
392 865 469 958 μόνῃ
491 855 526 930 δὲ
549 875 588 959 τῇ
608 868 782 958 παχύτητι,
796 867 834 933 τὸ
854 868 895 959 μή
912 876 1015 933 ταῦτα
1033 862 1227 960 συμθαίνειν,

148 969 285 1053 κεῖσθαι,
300 970 351 1038 καὶ
377 974 412 1038 οὐ
440 971 562 1064 μάχης,
589 971 669 1038 ἀλλά
693 974 873 1062 ταχύτητος
899 974 992 1064 μόνης
1020 972 1124 1068 χρείαν
1152 971 1227 1043 εἶναι

146 1079 256 1172 λέγων.
276 1081 415 1145 Τοιαῦτα
443 1078 497 1168 μὲν
523 1078 634 1160 εἰπὼν,
655 1079 780 1169 σημεῖόν
806 1104 841 1146 τε
868 1076 943 1170 άρας
963 1087 1029 1158 τοῖς
1057 1067 1227 1167 Εδουεῦσι,

149 1183 290 1251 κατὰτὸ
317 1176 416 1262 δεξιὸν
445 1186 534 1276 μέρος
558 1195 615 1262 τῆς
642 1186 761 1262 πόλεως
784 1176 827 1250 δι’
844 1181 940 1264 άλλης
960 1181 1137 1266 ἀναόάσεως
1155 1192 1227 1268 τοὺς

148 1277 276 1369 Εδουεῖς
294 1287 468 1382 ἐπέμψατο.

203 1399 329 1465 XLVI.
358 1399 403 1464 Τὸ
426 1389 461 1463 δὲ
489 1407 546 1475 τῆς
572 1397 689 1476 πόλεως
715 1406 816 1491 τεῖχος
842 1399 906 1466 ἀπό
930 1425 965 1466 τε
986 1410 1043 1478 τῆς
1060 1392 1228 1488 πεδιάδος,

101 1553 103 1560 ·
147 1503 271 1583 καὶτῆς
287 1505 382 1597 ἀρχῆς
400 1515 456 1581 τῆς
475 1504 580 1572 ε’πὶτὸ
600 1505 668 1596 ὅρος
688 1499 823 1586 ἀνόδου,
839 1508 911 1573 κατ’
929 1506 1043 1574 εὐθεῖαν
1061 1511 1229 1601 γραμμήν,

148 1610 174 1678 εἰ
193 1602 335 1703 οὐδεμίαι
353 1611 549 1688 σκολιότητες
568 1611 770 1704 προσείησαν,
787 1603 865 1678 δέκα
884 1613 990 1705 ἀπεῖχε
1010 1605 1113 1691 ςάδια.
1132 1615 1174 1680 Αἱ
1193 1607 1229 1683 δὲ
1250 1672 1253 1681 ι

148 1719 224 1811 πρὸς
246 1717 284 1785 τὸ
305 1710 412 1811 ῥᾳδίαν
436 1719 493 1791 τήν
519 1728 576 1784 τοῦ
606 1719 693 1812 ὅρους
716 1711 938 1813 ἀπεργάζεσθαι
968 1715 1117 1787 ἀνάθασιν
1142 1717 1230 1789 οὖσαι

149 1825 367 1907 σκολιότητες,
388 1825 426 1891 τὸ
452 1815 594 1916 διάςηγήα
618 1836 674 1903 τῆς
704 1817 780 1892 ὁδοῦ
803 1818 944 1901 ήυξανον.
969 1815 1041 1893 Ᾰπὸ
1072 1816 1107 1892 δὲ
1136 1829 1229 1919 μέσου

149 1922 263 2022 σχεδὸν
281 1941 338 1998 τοῦ
357 1935 471 2022 μήκους
491 1942 547 1999 τοῦ
565 1933 651 2024 ὅρους
677 1930 760 1999 κατὰ
777 1935 835 2005 τήν
852 1934 959 2023 φύσιν,
972 1931 1068 2010 λίθοις
1087 1933 1230 2028 μεγαλοις

150 2038 180 2105 οἱ
193 2038 307 2106 Γάλλοι
325 2045 427 2130 τεῖχος
444 2032 475 2114 ἓξ
490 2030 594 2106 ποδῶν
609 2039 646 2106 τὸ
665 2034 761 2128 ὕψος,
778 2038 853 2131 πρὸς
870 2040 907 2105 τὸ
926 2037 983 2117 τὰς
1001 2030 1153 2129 αἰρνιδίας
1167 2051 1229 2109 τῶν

149 2131 301 2237 Ῥωμαίων
320 2136 479 2239 θραδιίνειν
498 2137 644 2236 ἐφόδους,
659 2137 910 2238 ᾠκοδομήκεσαν·
924 2151 1027 2212 πάσαν
1043 2137 1078 2210 δὲ
1098 2147 1154 2215 τὴν
1174 2159 1232 2217 τοῦ

151 2252 239 2344 ὄρους
268 2245 360 2330 πέζαν
392 2254 478 2325 κενήν
508 2252 750 2334 καταλιπόντες,
770 2254 828 2324 τήν
858 2255 991 2345 κορυφήν
1017 2255 1072 2329 έως
1092 2264 1149 2320 τοῦ
1175 2266 1232 2332 τῆς

150 2359 270 2436 πόλεως
290 2359 410 2450 τείχους
428 2363 553 2436 πολλοῖς
571 2351 777 2451 ςρατοπέδοις
791 2358 1098 2450 ἀναπεπληρόικεσαν.
1120 2361 1162 2427 Οἱ
1177 2363 1231 2455 μὲν

153 2462 204 2534 οὖν
223 2451 383 2559 θ’)ωμαῖοι,
404 2464 669 2561 παραγγειλαντος
696 2475 754 2533 τοῦ
777 2463 951 2558 Καίσαρος,
975 2466 1055 2557 ταχὺ
1083 2468 1158 2558 πρὸς
1193 2470 1231 2536 τὸ

153 2581 255 2665 τεῖχος
276 2583 371 2641 τοῦτο
383 2574 605 2666 παρεγένοντο,
620 2572 671 2637 καὶ
687 2577 788 2638 τοῦτο’
796 2570 1017 2663 παρελθόντες,
1030 2572 1147 2664 αἱροῦσι
1160 2575 1232 2667 τρία

152 2671 346 2773 ςρατόπεδα·
363 2682 500 2771 τοσαότγ
520 2670 555 2743 δὲ
570 2682 598 2744 έν
616 2686 662 2763 τῷ
676 2678 767 2769 αἱρεῖν
782 2676 863 2743 αὐτὰ
876 2680 1047 2770 ἐχρήσαντο
1064 2682 1232 2771 ταχύτητι,

153 2792 216 2865 ὥςε
233 2788 327 2864 αὐτὸς
345 2792 361 2853 ό
380 2793 442 2853 τῶν
461 2778 667 2878 Νιτιοάρίγων
687 2778 829 2861 ἀασιλεὺς
846 2785 1045 2875 Τουτόμανος
1065 2786 1153 2880 μόγις
1169 2788 1232 2855 ἀπὸ

153 2903 215 2959 τῶν
249 2895 296 2985 ἐρ’
315 2893 455 2987 ἁρπαγὴν
488 2892 584 2958 ὅντων
619 2897 801 2983 ςρατιωτῶν
834 2881 999 2964 δυνηθῆναι
1030 2893 1139 2959 ἑαυτὸν
1161 2884 1232 2961 δια.

152 3010 260 3067 σῶσαι.

207 3108 352 3175 XLVII.
378 3106 486 3196 Τυχὼν
517 3106 570 3197 μὲν
596 3099 646 3170 οὖν
671 3100 710 3168 ὧν
739 3097 892 3177 ήθοόλετο
910 3109 926 3169 ό
942 3106 1085 3197 Καῖσαρ,
1100 3106 1138 3173 τὸ
1158 3107 1233 3174 ἀνα·

154 3214 299 3287 κλητικθν
324 3212 478 3304 σημαίνειν
504 3215 722 3305 παρήγγειλεν,
744 3209 875 3275 ἐνταῦθα
900 3202 995 3276 δὲτὸ
1018 3212 1072 3302 μὲν
1100 3203 1231 3281 δέκατον

155 3322 281 3416 τάγμα,
302 3320 376 3411 πρὸς
399 3316 415 3385 θ
439 3321 533 3395 αὐτὸς
556 3310 799 3411 ἐδημηγορήκει,
815 3318 967 3405 ἐπέμενεν.
985 3317 1026 3381 Οἱ
1049 3310 1083 3385 δὲ
1109 3310 1149 3392 δή
1169 3328 1231 3386 τῶν

151 3435 270 3496 λοιπῶν
286 3425 455 3519 ταγμάτων
481 3434 673 3518 ςρατιῶται,
694 3434 750 3502 τῆς
773 3422 943 3518 σάλπιγγος
962 3422 1016 3515 μὲν
1035 3428 1090 3491 οὐκ
1107 3418 1234 3503 ἐξήκου·

155 3560 222 3601 σαν·
241 3530 382 3626 (μεγάλη
399 3528 457 3627 γὰρ
477 3526 593 3622 μεταξὺ
608 3522 666 3619 ἦν)
679 3532 739 3598 ὑπὸ
754 3538 816 3598 τῶν
835 3521 870 3596 δὲ
890 3540 1075 3623 ςρατογῶν,
1093 3531 1176 3598 κατὰ
1195 3534 1232 3599 τὸ

155 3638 277 3717 ἐκείνοις
303 3640 363 3706 ὑπὸ
391 3650 448 3705 τοῦ
467 3636 623 3730 Καίσαρος
644 3636 867 3731 παραγγελθὲν,
891 3637 1130 3730 κατειργόμενοι·
1151 3642 1233 3731 ὅμως
1309 3728 1313 3739 Ι

155 3758 196 3843 τῇ
212 3772 247 3813 τε
264 3756 321 3813 τοῦ
347 3748 428 3837 ταχὺ
454 3752 573 3838 κρατεῖν
596 3734 719 3825 ἐλπίδι,
742 3744 794 3810 καὶ
814 3754 854 3837 τῇ
877 3754 940 3810 τῶν
960 3742 1112 3837 πολεμίων
1131 3756 1230 3839 φυγῇ,

156 3861 225 3931 ταῖς
244 3878 279 3920 τε
298 3852 444 3946 πρόσθεν,
464 3849 499 3928 ἀς
522 3852 745 3932 ἐνενικήκεσαν,
770 3849 884 3941 μάχαις
910 3850 1123 3942 ἐπαιρόμενοι,
1145 3844 1233 3919 οὐδὲν

157 3964 240 4028 οὕτω
257 3956 445 4051 χαλεπὸν,θ
465 3961 498 4024 οὐ
526 3960 568 4048 μή
596 3957 656 4022 ὑπὸ
681 3965 737 4033 τῆς
763 3964 846 4046 σφῶν
875 3957 970 4034 ἀλκῆς
996 3958 1149 4048 ἁλώσιμον
1171 3959 1234 4045 εἴη,

157 4059 294 4134 ἐδόκουν·
320 4069 381 4143 ὥςε
403 4069 437 4131 οὐ
461 4062 591 4156 πρόσθεν
616 4054 779 4139 διώκοντες
808 4062 879 4139 τοὺς
904 4061 1067 4154 πολεμίους
1095 4064 1234 4150 ἕςησαν,

156 4173 226 4267 πρὶν
238 4172 264 4247 κῆ
280 4173 355 4263 πρὸς
370 4169 451 4239 αὐτὰ
471 4168 514 4237 τὰ
527 4180 584 4247 τῆς
602 4169 719 4246 πόλεως
739 4167 827 4259 τείχη
850 4172 1063 4264 παρεγένοντο.
1077 4172 1159 4238 Τότε
1182 4164 1236 4254 δὲ,

961 4298 1032 4369 33²
