3000 5025
302 491 372 565 172
515 470 543 535 J.
573 466 727 537 cousi
756 464 1149 537 conusurtuu

296 601 424 687 fronte,
439 624 517 668 vere
532 613 642 667 autern
659 599 828 692 iniquum,
848 605 887 668 'ut
904 597 977 667 duae
995 596 1149 691 quidem,
1163 615 1231 665 una
1250 595 1395 692 scilicet,

296 730 337 777 ex
359 708 524 801 Pompeii,
543 704 646 775 altera
663 730 704 773 ex
726 707 866 773 Caesaris
885 703 1068 798 legionibus
1090 704 1132 772 ad
1154 702 1277 772 bellurn
1299 706 1380 773 Par·

296 814 424 882 thicum
447 814 676 909 mitterentur3
695 836 737 879 en
761 814 796 878 in
817 810 927 880 verbis
954 810 1143 905 aequalitas:
1162 835 1239 880 ecce
1261 826 1376 879 autern

295 922 331 987 in
345 920 444 988 rebus
458 920 629 1012 iniquitas3
648 917 928 1012 siquidem‘quum
946 919 1123 1011 Pompeius
1139 941 1241 985 unam
1256 942 1275 985 e
1290 919 1378 1006 suis,

295 1026 416 1119 quibus
443 1028 513 1120 ipse
538 1038 697 1119 praeerat,
716 1026 867 1093 amicitiae
892 1025 968 1117 jure
993 1026 1117 1094 Caesari
1139 1026 1379 1113 concessisset,

296 1130 386 1200 illum
402 1131 490 1201 bello
506 1132 665 1200 Parthico
681 1130 859 1199 destinavit
876 1131 979 1199 verbo
998 1132 1214 1214 non‘animo,
1234 1154 1379 1223 eamque

296 1239 449 1333 repetiit:
469 1258 543 1307 eam
569 1240 681 1306 Caesar
707 1240 851 1326 remisit,
872 1251 906 1306 et
931 1262 949 1305 e
977 1239 1044 1307 suis
1070 1239 1160 1306 misit
1184 1262 1293 1305 unam.
1323 1240 1379 1305 Ita

297 1346 493 1439 Pompeium
508 1343 615 1431 nulla,
634 1346 800 1429 Caesarem
818 1368 900 1412 vero
918 1343 1046 1412 duobus
1059 1341 1246 1437 legionibus
1265 1345 1379 1411 minu·

296 1464 509 1539 tum,ne1no
536 1452 598 1520 fuit
624 1452 681 1544 qui
711 1476 781 1519 non
808 1449 1025 1544 intelligeret3
1047 1448 1124 1543 tulit
1144 1464 1276 1538 tamen,
1294 1452 1378 1544 quin

296 1559 397 1625 etiam
412 1581 490 1625 cum
505 1557 702 1627 adversariis
717 1559 840 1652 pacisci
855 1556 978 1645 voluit,
993 1570 1032 1626 ut
1049 1556 1253 1651 transalpina
1267 1555 1381 1625 Gallia

296 1675 331 1731 et
357 1661 519 1732 Illiricum
550 1654 627 1733 cuni
658 1664 787 1733 duabus
813 1655 944 1732 tantum
965 1664 1169 1759 legionibus,
1190 1678 1225 1733 et
1250 1688 1378 1731 nomen

296 1770 427 1863 imperii
455 1771 516 1839 sibi
544 1782 740 1839 remaneret.
768 1772 923 1865 Denique
950 1796 990 1839 eo
1015 1794 1120 1863 usque
1146 1770 1300 1839 submisit
1321 1796 1380 1839 cx·

297 1874 421 1944 celsum
444 1878 614 1965 animum,
633 1891 672 1945 ut
698 1878 755 1969 qui
780 1877 945 1945 Caesarem
971 1902 1040 1945 non
1061 1890 1193 1965 nosset,
1215 1879 1379 1971 suspicari

298 2004 375 2049 eum
397 1997 509 2077 posset
525 1982 603 2051 belli
622 1982 780 2051 metu=ad
800 1985 863 2052 ista
882 1983 1102 2053 descendere:
1118 2008 1185 2078 quo
1204 1981 1287 2051 nibil
1305 1997 1382 2052 erat

298 2088 340 2155 ab
363 2087 447 2158 illius
469 2090 532 2156 viri
554 2088 702 2157 moribus
725 2112 764 2157 uc
782 2104 895 2159 mente
913 2093 1091 2158 remotius:
1108 2089 1165 2159 sed
1187 2103 1319 2158 tantum
1330 2088 1379 2158 illi

298 2194 444 2263 studium
472 2194 553 2281 fuit,
574 2193 628 2263 vel
657 2196 851 2265 exercendae
881 2196 936 2267 vel
966 2195 1158 2265 simulandae
1189 2195 1379 2282 modestiae3

298 2314 337 2369 ut
355 2300 485 2394 quidvis
502 2300 606 2369 videri
628 2303 739 2395 potius
749 2301 910 2397 eligeret,
931 2328 1032 2396 quam
1055 2302 1197 2398 publicae
1215 2302 1380 2397 tranquil·

298 2403 398 2474 litatis
412 2432 555 2476 eversor.
571 2408 616 2475 At
630 2432 733 2501 quum
749 2408 932 2479 obstinatos
947 2410 990 2477 ad
1004 2410 1195 2504 negandum
1208 2424 1379 2495 cerneret,

298 2528 450 2582 senatum
472 2515 533 2582 sibi
550 2515 753 2603 ¹adversum,
773 2531 841 2585 ete
859 2520 926 2587 suis
942 2519 1081 2586 inimicis
1103 2517 1292 2614 designatos
1307 2519 1379 2611 jam

299 2619 450 2690 consules
470 2620 616 2710 audiret,
633 2621 802 2710 tribunos,
825 2626 881 2717 qui
901 2624 962 2694 sibi
980 2623 1137 2711 aderant,
1158 2623 1240 2699 nihil
1261 2649 1378 2718 posse,

299 2727 367 2798 imo
383 2727 517 2821 quidem
531 2742 669 2822 propter
688 2753 722 2797 se
737 2729 886 2823 periculo
900 2745 999 2824 atque
1015 2729 1092 2799 odio
1108 2732 1275 2824 expositos
1288 2757 1295 2798 ε
1308 2729 1379 2799 non

299 2832 439 2929 amplius
455 2833 677 2903 differendum
693 2847 861 2923 ratus,-ne
875 2851 934 2904 aut
952 2839 1003 2906 sui
1019 2835 1303 2931 periclitarentur,
1319 2852 1379 2906 aut

298 2941 370 3033 i'pse
388 2943 600 3010 cunctatione
619 2941 810 3031 vilesceret3
828 2943 993 3038 dispositis
1015 2967 1109 3011 more
1131 2942 1226 3013 solito
1245 2968 1307 3037 per
1328 2944 1377 3012 hi·

298 3044 402 3114 berna
428 3045 632 3142 legionibus,
654 3048 772 3117 ultimo
800 3052 942 3118 transitu
970 3074 1011 3117 ex
1039 3049 1155 3118 Galliis
1182 3051 1216 3116 in
1244 3037 1376 3118 Italiani

301 3151 406 3220 rediit.
422 3155 500 3242 Quo
514 3177 618 3247 qurum
634 3157 792 3243 venisset,
810 3157 938 3224 invenit
956 3155 1038 3224 duas
1059 3155 1130 3224 illas
1148 3155 1296 3251 legiones
1315 3157 1377 3225 sub

300 3259 439 3328 obtentu
461 3258 537 3328 belli
556 3261 782 3330 Parthicisibi
803 3277 951 3356 ereptas,
967 3287 1076 3356 neque
1095 3262 1137 3330 ad
1155 3261 1279 3330 bellum
1297 3288 1375 3356 pro·

300 3365 422 3454 sectas,
439 3367 474 3432 in
505 3365 600 3436 Italia
628 3367 797 3454 detentas,
815 3371 896 3461 quin
925 3383 959 3436 et
983 3371 1144 3463 Pompeio
1170 3371 1374 3463 assignatas:

300 3471 390 3566 quod
407 3472 449 3540 ad
466 3473 653 3542 evidentem
659 3477 811 3543 ''Caesuris
829 3475 983 3567 injuriam
1004 3477 1170 3570 pertinere
1183 3500 1252 3544 non
1265 3475 1373 3544 solum

298 3578 369 3673 ipse
398 3581 459 3648 vir'
478 3578 569 3668 talis,
591 3580 648 3648 sed
680 3581 881 3674 quicumque
907 3581 949 3648 de
976 3581 1102 3677 populo
1130 3581 1374 3676 perpendebot3

300 3684 411 3755 adhuc
433 3688 686 3756 tamen'tacitus
708 3685 884 3780 processit,
906 3683 1195 3782 conventibusque·
1212 3689 1372 3783 peractis,

301 3792 500 3876 assolebat,
519 3796 714 3863 Ravennam
727 3795 829 3862 'venit
846 3795 965 3862 urbem
988 3819 1056 3863 suae
1073 3796 1252 3889 provinciae
1269 3795 1313 3863 ab
1335 3818 1373 3862 ea

300 3913 395 3990 parte
427 3901 661 3968 novissimam:
678 3913 717 3968 ut
746 3924 809 3970 nec
837 3903 996 3970 terminos
1011 3897 1101 3970 'suos
1129 3901 1322 3989 excederet,
1340 3914 1373 3968 et

300 4007 471 4098 proximus
501 4020 586 4074 esset
616 4006 828 4095 adversariis,
848 4031 887 4077 ac
917 4016 1053 4102 paratus
1082 4007 1215 4095 ulcisci,
1237 4009 1263 4077 si
1294 4003 1372 4114 quid

301 4111 386 4180 forte
407 4114 458 4183 sui
478 4111 555 4189 odio·
569 4113 772 4185 in'tribunos
793 4115 956 4185 inimicius
976 4114 1207 4187 decrevissent.
