3000 5025
400 484 439 551 e.
468 484 662 557 ιυιιυο
689 486 882 562 cAEsAR.
1101 504 1175 603 ηε

115 638 154 692 νος
166 614 256 683 αὐτὴν
275 642 293 678 (ι
310 590 342 682 έλ
356 624 451 709 μῆτερ
468 604 588 709 (εἶπεν)
602 669 611 701 ,
626 622 759 714 τύμερον
777 622 797 698 ἢ
818 625 959 720 ἀρχιερέα
978 631 1033 701 τὸν
1051 633 1137 722 υἱὸν,
1154 636 1173 713 ἢ

116 752 125 777 ι
137 712 265 815 ρυγάθαΙ
276 718 356 811 ὄψει.
371 750 389 787 ιν
401 722 605 815 Λιενεχθείσιις
615 716 651 793 δὲ
660 736 717 805 τῆς
729 726 847 822 ψήφου,
857 733 909 801 καὶ
916 741 1079 831 γενομένης
1088 744 1177 836 ἁμιλ-
1262 773 1264 778 ·

112 832 170 909 λης,
183 828 345 921 ἐκράτησε,
359 829 411 897 καὶ
429 831 563 923 παρέσχε
581 842 622 926 τῇ
648 837 745 927 βουλῇ
770 840 822 904 καὶ
837 848 903 919 τοῖς
923 842 1039 936 ἀρίςοις
1054 845 1173 939 φύύον,

112 937 143 1010 ῶς
156 932 201 1001 ἐπὶ
213 940 273 1002 πάν
288 932 479 1029 θρασύτητος
502 932 642 1029 προάξων
658 941 712 1008 τὸν
729 933 840 1035 δῆμον.
860 928 939 1015 ὅθεν
961 952 989 1019 οἱ
1007 954 1076 1047 περὶ
1096 957 1174 1025 Πεί-
1217 976 1219 981 “

108 1062 176 1107 σωνα
194 1042 244 1108 καὶ
261 1044 389 1109 Κάτλον
410 1048 543 1136 ᾐτιῶντο
564 1046 739 1138 Κικέρωνα,
763 1052 942 1145 φεισάμενον
964 1057 1120 1155 Καίσαρος
1142 1068 1172 1132 ἐν

23 1176 25 1243 γ
106 1147 237 1241 τοῖςπερὶ
251 1148 421 1215 Κατιλίναν
437 1144 537 1223 λαύλν
551 1153 796 1245 παρασχόντος’.
812 1142 915 1253 Ογέιρ
932 1154 971 1236 δὴ
986 1167 1173 1255 Κατιλίνας,
1208 1226 1211 1234 ,

105 1255 132 1317 ού
149 1254 235 1345 μόνον
257 1257 314 1328 τὴν
334 1252 490 1323 πολιτείαν
506 1252 708 1348 μετοιύοιλεῖν,
722 1260 791 1327 ἀλλ’
805 1268 880 1338 ὅλην
897 1268 1011 1337 ἀνελεῖν
1028 1276 1085 1347 τὴν
1098 1281 1173 1370 ἡγε-

104 1358 214 1450 μονίαν,
239 1360 292 1427 καὶ
316 1360 421 1429 πάντα
449 1359 491 1428 τὰ
522 1362 695 1458 πράγματα
722 1371 857 1461 συγχέαι·
874 1363 1057 1459 διανοηθεὶς,
1079 1384 1173 1463 αὐτὸς

104 1465 146 1555 μὲν
160 1460 279 1543 ἐξέπεσε
297 1467 501 1560 περιπταίσας
520 1468 682 1536 ἐλάττοσιν
705 1473 860 1567 ἐλέγχοις,
879 1481 939 1571 πρθ
961 1493 1017 1549 τού
1039 1482 1096 1563 τὰς
1117 1491 1172 1555 ἐσ-

103 1572 189 1661 χάτας
205 1577 304 1641 αὐτοῦ
324 1572 437 1658 βουλὰς
456 1574 721 1665 ἀποκαλυφθῆναι·
746 1582 881 1649 Λέντλον
906 1576 942 1653 ll
960 1589 1013 1655 καὶ
1030 1591 1170 1689 Κέθηγον

103 1678 125 1743 ἐν
137 1688 173 1774 τῇ
186 1680 276 1749 πόλει
288 1671 456 1771 θιαθύχους
470 1681 604 1749 ἀπέλιπε
617 1692 675 1760 τῆς
689 1686 890 1778 συνωμοσίας·
906 1689 949 1769 οἷς
960 1693 986 1759 εί
1001 1696 1054 1787 μὲν
1070 1703 1171 1792 κρύφα

101 1788 213 1879 παρεῖχέ
237 1814 270 1854 τι
294 1787 421 1880 θάρσους
443 1785 494 1853 καὶ
513 1778 672 1878 δυνάμεως
695 1795 712 1855 ὁ
732 1793 873 1886 Καίσαρ,
890 1789 1006 1871 ἀίδηλον
1028 1802 1103 1879 ἐςίν,
1125 1793 1169 1874 Εν

101 1882 129 1957 θὲ
143 1903 181 1987 τῇ
202 1895 301 1989 βουλῇ
315 1890 399 1960 κατὰ
421 1890 534 1987 κράτος
563 1888 817 1989 ἐξελεγχθέντων,
838 1900 890 1968 καὶ
910 1906 1082 1999 Κικέρωνος
1111 1924 1168 1982 τοῦ

100 1998 205 2067 ὑπάτου
220 2002 345 2094 γνώμας
360 2002 537 2092 ἐρωτῶντος
554 2000 623 2094 περὶ
637 2004 792 2082 κολάσεως
806 2008 938 2093 ἐκαςον,
952 2012 981 2078 οἱ
1001 2015 1055 2105 μὲν
1077 2014 1168 2087 ἀλλον

101 2106 175 2199 μέχρι
191 2106 349 2200 Καίσαρος
366 2105 515 2173 θανατοῦν
532 2108 680 2175 ἐκέλευον·
696 2114 712 2175 ὁ
732 2100 768 2175 δὲ
781 2113 903 2207 Καῖσαρ
923 2105 1061 2198 ἀναςέις3
1073 2124 1167 2219 λύγον

99 2201 189 2286 θιηλθε
215 2214 499 2307 πεφροντισμένον,
521 2219 560 2290 ὡς
593 2213 773 2282 ἀποκτεῖναι
802 2219 856 2311 μὲν
883 2222 1025 2316 ἀκρίτους
1052 2220 1167 2324 ἀνδρας

99 2310 239 2412 ἀξιώματι
259 2319 311 2387 καὶ
327 2321 406 2413 γένει
423 2320 602 2411 λαμπροὺς,
616 2324 650 2387 οὐ
673 2312 761 2389 δοκεῖ
774 2314 943 2419 πάτριονί,
958 2324 1030 2398 οὐδὲ
1046 2326 1165 2407 δίκαιον

98 2416 175 2510 εἶναι,
191 2429 234 2520 μὴ
247 2423 330 2520 μετὰ
343 2436 399 2504 τῆς
416 2425 551 2518 ἐσχάτης
570 2424 716 2522 ἀνάγκης·
733 2428 759 2495 εί
773 2420 809 2496 δὲ
827 2444 1006 2529 φρουροῖντο
1028 2433 1166 2526 δεθέντες
1225 2517 1228 2521 ,

96 2529 120 2596 ἐν
132 2533 235 2601 πολεσι
250 2544 307 2612 τῆς
326 2518 466 2615 Ῑταλίας,
482 2529 517 2610 ἃς
532 2528 568 2598 ἀν
584 2535 677 2612 αὐτὸς
702 2539 812 2610 έλκτοιι
833 2542 990 2635 Κικέρων,
1005 2549 1109 2641 μέχρις
1128 2552 1164 2621 οὗ

23 2659 25 2686 ι
95 2639 326 2734 καταπολεμηθῇ
340 2637 526 2723 Κατιλίνας,
541 2641 665 2732 ύστερον
695 2643 725 2708 ἐν
751 2642 851 2738 εἰρήνη
876 2646 927 2714 καὶ
947 2651 1016 2718 καθ’
1029 2657 1162 2752 ἡσυχίαν

23 2751 25 2800 Ι
95 2745 152 2837 περὶ
161 2746 275 2825 έκάςου
290 2757 330 2841 τῇ
343 2748 439 2841 βουλῇ
451 2753 563 2842 γνῶναι
575 2733 733 2839 ὑπάρξειό.

137 2853 229 2922 VIII.
246 2855 342 2920 Οὕτω
361 2848 396 2920 δὲ
414 2863 469 2930 τῆς
488 2851 609 2947 γνώμης
628 2853 841 2948 φιλανθρώπου
860 2860 1018 2949 φανείσης,
1031 2867 1083 2933 καὶ
1104 2883 1161 2940 τοῦ

23 2969 25 3046 ζ
92 2959 172 3054 λόγου
200 2951 341 3038 δυνατῶς
365 2961 413 3028 ἐπ’
428 2963 507 3053 αὐτῇ
529 2957 690 3051 ῥηθέντος,
713 2965 747 3029 οὐ
772 2963 864 3055 μόνον
889 2967 918 3034 οἱ
943 2970 1023 3062 μετὰ
1045 2985 1158 3044 τοῦτον

92 3064 258 3158 ἀνιςάμενοι
271 3065 503 3160 προσετίθεντο,
521 3064 632 3133 πολλοὶ
645 3055 680 3132 θέ
704 3068 755 3134 καὶ
769 3077 831 3137 τῶν
852 3074 912 3166 πρὸ
933 3079 1030 3145 αὐτοῦ
1041 3078 1100 3161 τάς
1116 3084 1159 3150 εί-

23 3169 24 3206 ³
93 3175 210 3264 φημένας
225 3175 349 3267 γνώμας
365 3171 585 3266 ἀπειπάμενοι,
600 3173 675 3265 πρὸς
695 3177 751 3248 τὴν
772 3176 885 3246 ἐκείνου
900 3184 1085 3273 μιτέςησαν·
1100 3194 1156 3271 ἕως

23 3265 24 3316 Ῐ
92 3277 132 3344 ἐπὶ
153 3263 317 3346 Κάτωνα6
337 3280 375 3346 τὸ
405 3284 534 3372 πρᾶγμα
561 3276 613 3344 καὶ
640 3278 768 3350 Κάτλον
791 3287 943 3378 περιῆλθε.
968 3292 1095 3360 Τούτων
1120 3288 1156 3366 δὲ

23 3385 24 3394 ’
90 3395 219 3464 νεανικῶς
235 3385 489 3468 ἐναντιωθέντων,
503 3383 652 3463 Κάτωνος
671 3377 708 3453 δέ
726 3389 779 3456 καὶ
796 3393 853 3465 τὴν
867 3394 1011 3462 ὑπόνοιαν
1025 3397 1091 3491 ἅμα
1108 3410 1156 3490 τῷ

87 3491 160 3585 λύγῳ
186 3492 451 3586 συνεπερείσαντος
469 3495 575 3580 αὐτῷ,
595 3490 647 3557 καί
674 3490 935 3577 συνεξαναςάντος
957 3503 1155 3596 ἐρρωμένως,
1221 3527 1225 3535 “

88 3595 174 3689 οἱμὲν
194 3591 302 3694 ἀνθρες
319 3599 558 3692 ἀποθανούμενοι
570 3589 795 3691 παρεδόθησαν·
811 3603 946 3700 Καίσαρι
959 3599 995 3674 δὲ
1009 3621 1064 3689 τῆς
1081 3617 1155 3698 βου.
1214 3654 1217 3664 ι

125 3769 147 3817 1'.
162 3764 208 3817 Ob
222 3764 373 3836 ingentem,
389 3783 441 3836 qua
455 3763 592 3836 premebu·
635 3778 742 3820 cautum
750 3771 1154 3843 erat,uequiscivemromunum

89 3845 139 3908 ur,
151 3845 210 3897 uris
225 3845 304 3897 alieni
316 3845 380 3898 vim.
635 3846 763 3912 vinciret,
782 3852 949 3917 verberaret,
966 3867 1012 3906 aut
1023 3873 1137 3926 πετειει,

124 3942 147 3977 ι.
160 3923 265 3978 Sallus't.
281 3923 358 3997 Conj.
371 3923 449 3979 Catil.
460 3923 505 3992 45.
520 3922 591 3978 Suet.
680 3925 783 3981 &vide
795 3929 910 3983 Dionem
920 3933 967 4003 qui
981 3934 1151 4010 Sallustium,

87 3999 134 4056 lul.
149 4002 217 4058 Caes.
234 4019 278 4075 17.
638 4017 665 4059 et
671 4007 825 4078 Appianum
834 4011 882 4081 qui
894 4012 1064 4068 Plutarchum
1072 4019 1152 4090 pudeo

129 4083 388 4138 3.sallust.Cati1.=c.
406 4085 451 4138 51.
463 4083 534 4138 Suet.
548 4091 593 4150 14.
638 4087 733 4140 tentim
745 4088 952 4163 uubsuquuutur.

126 4163 594 4237 4.AlluditadlegemPorciamuuu
679 4170 706 4222 ε.
720 4165 824 4224 suast.
838 4168 904 4224 ιοω.
923 4175 968 4225 ει.

902 4270 966 4340 18²
