3000 5025
312 433 386 507 DE
415 433 544 501 viel
565 433 704 501 suun
733 432 982 503 orsitus.
1147 440 1197 533 49

117 566 183 659 pari
190 562 378 635 velocitate
384 566 540 636 conversi
552 563 596 634 ad
604 589 678 652 eos,
690 566 748 659 qui
762 566 798 633 in
809 590 909 661 opere
920 570 1076 663 occupati
1088 585 1201 660 erant,

118 672 535 766 miramperturbationem
545 672 705 741 Romanis
715 672 973 763 injecerunt3ita
981 690 1020 743 ut
1029 677 1202 745 Caesarcu-

120 802 153 845 ra
161 778 345 873 multiplici
359 776 539 849 distraetus
547 779 715 847 variarum
726 780 856 866 reruni,
868 782 922 848 cui
931 783 1079 875 primum
1088 808 1203 853 occur·

121 900 217 973 reret,
228 887 266 953 in
284 900 383 953 tanta·
396 885 557 981 temporis
570 883 737 953 brevitate
751 910 933 980 parumper
945 888 1129 959 hesitaret:
1144 892 1204 961 uni

122 993 205 1059 enim
215 989 319 1061 simul
329 992 403 1061 haec
413 993 526 1061 omnia
535 988 727 1084 exequenda
740 1006 853 1060 erant:
866 992 1100 1086 explicandum
1109 997 1207 1066 vexil-

123 1094 199 1186 lum,
213 1099 365 1167 solemne
375 1096 466 1192 apud
478 1101 648 1167 Romanos
663 1097 822 1167 indicium
836 1092 1017 1171 inchoandi
1028 1102 1148 1195 praelii:
1163 1105 1206 1173 ad

125 1204 207 1272 idern
222 1230 360 1299 quoque
374 1198 524 1273 dandum
539 1203 619 1273 tuba
629 1205 775 1299 signum:
788 1203 962 1274 militesab
977 1232 1079 1301 opere
1088 1224 1209 1280 castro-

127 1336 196 1379 rum
210 1312 256 1379 ad
273 1337 360 1406 opus
375 1335 548 1381 armorum
562 1310 775 1399 retrahendi,
787 1314 845 1405 qui
864 1312 999 1406 petendi
1014 1313 1091 1382 valli
1110 1338 1209 1386 causa

101 1472 104 1495 .
128 1416 255 1514 longius
265 1417 356 1487 illinc
366 1417 538 1505 abiissent,
548 1416 932 1487 evocandizordinandae
941 1419 1209 1491 acies:firmandi

129 1528 274 1594 oratione
300 1524 395 1594 ducis
423 1526 551 1593 animi:
572 1523 693 1617 quibus
714 1522 839 1594 nedum
868 1520 1047 1615 omnibus,
1064 1527 1123 1595 sed
1148 1554 1210 1599 nec

131 1632 264 1727 singulis
275 1632 428 1725 quidem,
442 1632 522 1700 hinc
537 1632 698 1724 temporis
712 1632 883 1726 angustia,
896 1632 976 1700 hinc
988 1632 1137 1703 bostium
1149 1638 1211 1705 ins

131 1742 229 1808 tantia
239 1741 386 1834 spatium
399 1736 515 1807 dabat:
529 1736 588 1807 sed
602 1738 809 1831 experientia
821 1736 966 1807 militum
978 1760 1210 1834 romanorum,

109 1912 113 1925 ,
131 1848 248 1941 quibus
263 1848 344 1916 novi
355 1844 446 1931 ,nihil
465 1844 617 1913 accidere
634 1858 783 1939 poterat,
801 1870 863 1939 per
881 1870 916 1913 se
934 1847 1056 1940 ipsam,
1070 1849 1142 1917 sine
1156 1875 1210 1919 eu·

130 1954 280 2049 jusquam
288 1951 522 2048 quoqueducis
530 1952 684 2046 imperi0,
693 1964 851 2045 prompta
861 1966 934 2019 erat
942 1952 1074 2022 casibus
1083 1958 1212 2025 cunetis

133 2085 316 2131 occurrere.
333 2062 497 2129 Praeterea
511 2061 623 2127 Caesar
638 2060 708 2153 ipse
719 2061 852 2129 cunctis
865 2057 1050 2153 legionibus
1063 2061 1212 2157 singulos

24 2192 25 2233 1
133 2168 324 2261 praefecerat
334 2166 474 2259 legatos,
488 2179 640 2233 vetuerat
652 2164 705 2233 vel
716 2166 895 2235 minimum
909 2164 1211 2271 digredi,quorum
1252 2189 1256 2193 ·

24 2258 25 2307 5
134 2276 266 2369 quisque
279 2274 349 2341 dux
363 2297 503 2367 magnus
515 2271 712 2359 haberetur,
725 2273 789 2339 nisi
801 2272 863 2340 sub
873 2274 1020 2341 maximo
1028 2272 1210 2345 militasset

135 2383 260 2451 Horum
271 2395 306 2449 et
314 2380 440 2449 ducum
453 2380 558 2459 virtus
570 2393 603 2449 et
615 2377 759 2447 militum
771 2379 902 2473 egregie
910 2368 1056 2472 primurn
1065 2380 1213 2451 hostium

134 2491 291 2584 impetum
302 2487 478 2574 sustinuit,
487 2483 683 2582 repulitque.
694 2487 1036 2580 Caesarquoque‚pro
1045 2501 1213 2583 tempore,

135 2596 211 2666 nulli
234 2598 284 2664 rei
310 2593 440 2679 deerat,
463 2608 497 2674 et
520 2591 648 2672 milites,
664 2592 864 2664 hortabatur
888 2595 1212 2688 presertimvpraedi-

136 2702 223 2774 lectae
237 2703 301 2772 sibi
312 2701 454 2796 legionis
464 2700 618 2770 deeimoe:
632 2697 692 2769 sed
701 2697 896 2767 exhortatio·
902 2701 1094 2768 necessario·
1101 2701 1213 2772 brevis

137 2825 219 2898 crat,
230 2810 366 2878 virtutis
381 2821 421 2876 ut
433 2808 580 2901 pristinae
592 2806 837 2899 meminissent,
850 2827 934 2872 neve
948 2803 1082 2873 insolita
1099 2829 1212 2876 rerum

139 2920 242 3012 specie
266 2915 501 3002 turbarentur3
520 2927 554 2992 et
573 2912 732 3007 quioniam
750 2908 882 2981 ,differri
905 2935 958 2978 res
981 2910 1213 3008 ampliusnon

140 3023 282 3110 valebat,
301 3024 443 3116 signum·
461 3045 582 3114 pugnae
608 3018 689 3086 tuba
714 3015 827 3104 dedit,
850 3030 884 3085 et
908 3031 978 3086 tam
1001 3017 1085 3088 nihil
1103 3022 1212 3116 spatii
1312 3077 1317 3086 ,

141 3131 213 3219 fuit,
226 3144 283 3217 ut,
297 3153 340 3196 ne
358 3127 667 3214 dicam,'cousuetae
682 3123 1214 3219 solemmtatespraeliorumomit

34 3311 35 3320 χ
142 3251 299 3320 terantur,
308 3235 367 3304 sed
378 3235 435 3302 vix
442 3229 871 3327 galeasinduendilicentia
883 3247 1078 3325 superesset
1092 3233 1213 3318 Nullus

144 3343 200 3412 fuit
211 3333 359 3422 acierum
379 3339 480 3428 orde,
495 3337 586 3415 nulla
602 3363 656 3414 ars
674 3336 818 3409 militiae:
835 3336 986 3426 fortuna,
1000 3364 1073 3432 quae
1088 3341 1214 3432 primas

35 3483 36 3492 ¹
148 3448 236 3538 solet,
254 3443 372 3519 omnes¹
387 3447 447 3518 sibi
462 3470 583 3541 pugnae
602 3437 830 3533 tumultuariae
835 3459 957 3538 ‘partes
976 3457 1213 3539 usurpaverat}

149 3559 195 3649 qui
208 3557 249 3627 ab
263 3575 368 3650 opere
380 3553 423 3636 ad
437 3551 588 3648 praelium
603 3549 773 3638 redibant,
785 3576 859 3644 quac
874 3576 954 3620 casu
966 3552 1107 3644 quisque
1120 3555 1215 3648 signa

151 3677 373 3758 conspexerat,
394 3659 458 3730 illis
481 3658 711 3750 ser-confestim
737 3657 948 3751 applicabat,
967 3671 1068 3751 atque
1085 3657 1142 3728 illa
1154 3679 1212 3728 ‘se-

150 3770 314 3862 quebatur3
327 3793 371 3838 ne
385 3792 482 3836 suum
495 3763 882 3861 proprium-inquirendo
896 3763 1044 3834 confusis
1059 3766 1214 3836 omnibus

150 3888 267 3972 tempus
281 3877 467 3962 amitteret,
484 3889 587 3942 omne'
597 3869 686 3966 quod
699 3872 865 3940 inhostes
884 3872 947 3940 iret
963 3896 1062 3942 sumn
1082 3873 1215 3970 signum

150 3984 367 4057 existimabat:
382 3981 516 4074 ancipiti
535 3994 569 4047 et
590 3977 728 4056 terribili
743 3979 854 4046 Marte
865 3992 1071 4072 pugnatum,
1081 3981 1140 4061 sed
1155 4006 1215 4076 per

148 4090 259 4162 medias
280 4085 495 4162 difficultates
520 4101 618 4180 atque
640 4083 798 4188 pericula
811 4108 949 4155 romana
966 4086 1074 4156 virtus
1095 4090 1214 4188 erupit.

192 4228 257 4294 ιη.
305 4295 307 4298 ,
1008 4221 1033 4303 t
