3000 5025
179 486 188 511 0
293 457 342 555 78
463 452 1150 528 .J.CELSICOMMENTARII

290 589 478 675 confluxit,
496 601 614 657 canna
636 611 720 679 quos
743 586 856 655 Caesar
877 584 912 651 in
941 584 1046 656 aciem
1071 582 1217 678 legiones
1241 584 1373 675 eduxit,

174 742 180 757 ι
248 750 252 759 .
293 711 328 765 et
345 696 459 791 praelio
481 696 605 780 victor,
623 692 785 786 profugos
807 692 996 779 insecutus,
1013 716 1130 760 omnes
1147 690 1249 779 fudit,
1268 692 1372 788 pluri·

294 828 367 873 mos
383 802 569 889 interfecit,
587 801 796 892 incensisque
811 797 876 867 late
890 797 1013 867 finibus
1028 800 1064 868 in
1078 813 1188 869 castra
1201 804 1371 870 remeavit.

292 912 421 979 Secutae
437 922 514 979 sunt
535 905 717 1001 legationes
738 906 885 975 hostium
904 929 1022 999 pacem
1040 908 1239 1001 ueniamque
1256 922 1373 1000 petam.

294 1018 396 1104 uum,
415 1015 665 1111 quibustaesar
681 1027 820 1107 propter
834 1010 1008 1107 perfidiam
1023 1011 1154 1085 obsides
1171 1012 1374 1107 duplicavit,

295 1147 417 1217 eosque
439 1125 474 1191 in
494 1120 618 1191 Gallias
631 1116 714 1189 ‘duci
730 1120 844 1211 jussit,
866 1143 933 1213 quo
953 1119 1023 1213 ipse
1044 1120 1257 1213 navigatione
1279 1136 1373 1215 pros-

294 1254 375 1323 pera
403 1244 453 1299 est
484 1252 646 1297 reversus.
677 1228 763 1295 Duae
792 1250 895 1295 naves
917 1250 959 1295 ex
985 1225 1160 1312 omnibus,
1188 1250 1209 1295 a
1239 1226 1374 1323 reliquis

294 1351 396 1405 vento
418 1337 613 1421 abstracta,
635 1347 669 1402 et
686 1332 728 1400 ad
750 1330 842 1403 littus
853 1331 943 1403 aliud
956 1331 1073 1403 delatae
1085 1347 1201 1419 erant,
1218 1358 1236 1402 e
1252 1335 1375 1429 quibus

294 1468 398 1536 quum
412 1443 553 1511 trecenti
569 1441 691 1535 egressi
710 1441 743 1507 in
760 1453 903 1526 terram,
914 1438 957 1511 ad
971 1463 1110 1512 romana
1126 1454 1236 1509 castra
1251 1466 1373 1536 prope·

295 1565 428 1636 rarent,
445 1550 570 1619 Morini
583 1548 717 1641 quidem
736 1570 820 1639 quos
834 1545 984 1641 placatos
998 1548 1112 1619 Caesar
1129 1546 1374 1636 arbitrabatur,

255 1697 258 1703 ·
296 1680 363 1725 non
383 1671 452 1727 tam
475 1654 552 1726 odio
574 1678 675 1748 quam
694 1679 753 1748 spe
771 1653 892 1747 praedae
910 1654 945 1721 in
968 1653 1086 1724 itinere
1107 1653 1170 1725 hos
1190 1654 1375 1744 invadunt,

295 1763 495 1857 edicuntque
518 1776 573 1848 ut,
596 1762 731 1841 simoni
758 1760 882 1848 nolint,
900 1783 995 1831 arma
1014 1758 1195 1855 deponant.
1212 1763 1376 1833 Romanis

294 1872 329 1937 in
357 1871 473 1938 orbem
505 1867 652 1939 collectis
684 1868 971 1960 resistentiamque
1001 1867 1216 1960 parantibus,
1247 1866 1377 1939 clamor

295 1991 388 2044 ortus
406 1976 450 2045 ad
470 1999 526 2044 sex
547 1973 650 2047 millia
676 1974 851 2045 hominum
878 1987 1110 2061 contraxerat,
1140 1999 1226 2068 quos
1257 2000 1376 2046 omnes

296 2097 439 2177 quatuor
457 2082 549 2152 horis
570 2095 604 2150 et
625 2106 665 2153 eo
686 2078 829 2175 amplius
852 2081 1002 2175 paucitas
1031 2106 1171 2151 romana
1203 2083 1377 2172 sustinuit,

295 2213 424 2285 proque
436 2186 753 2283 paucisuulneribus
768 2185 891 2259 multas
899 2201 1025 2258 mortes
1039 2187 1205 2260 reddidit:
1220 2213 1260 2261 ac
1269 2214 1377 2283 quum
1400 2207 1403 2211 “

296 2300 426 2383 Caesar,
440 2296 498 2389 qui
512 2320 581 2364 non
595 2292 694 2390 longe
705 2295 836 2383 aberat,
852 2319 925 2365 rem
941 2296 1115 2384 sensisset,
1132 2294 1293 2368 auxilium
1308 2299 1377 2367 suis

294 2403 403 2472 ferens
421 2401 612 2471 advolavit:
630 2427 698 2495 quo
714 2416 911 2495 conspecto,
924 2401 968 2473 ad
984 2400 1100 2497 fugam
1115 2405 1238 2474 revomi
1249 2402 1376 2491 hostes,

294 2525 328 2579 et
348 2510 391 2578 ad
410 2533 571 2602 magnum
591 2534 770 2580 numerum
786 2510 862 2580 caesi
876 2524 963 2579 sunt
983 2510 1048 2580 Die
1062 2511 1249 2604 insequenti
1261 2513 1377 2581 Caesar

294 2617 483 2686 Labienum
506 2642 584 2686 oum
607 2615 795 2710 legionibus
822 2641 936 2686 secum
957 2641 1000 2687 ex
1022 2618 1194 2688 britannia
1215 2620 1378 2706 reversis,

293 2726 328 2791 in
350 2723 502 2792 Morinos
521 2722 718 2794 rebellantes
736 2724 845 2794 misit:
864 2724 922 2816 qui
935 2738 1203 2818 quum,propter
1212 2727 1374 2818 temporis

295 2833 501 2915 siccitatem,
531 2829 664 2900 solitum
693 2829 854 2923 paludum
884 2828 1134 2926 receptaculum
1162 2832 1378 2920 amisissent,

294 2937 400 3006 ferme
422 2960 539 3005 omnes
558 2936 602 3006 ad
620 2935 844 3006 obedientiam
867 2936 1004 3007 rediere.
1016 2937 1164 3008 Titurius
1183 2951 1296 3011 autem
1315 2941 1377 3007 Sa-

294 3043 391 3114 binus
403 3058 436 3111 ct
451 3042 696 3114 Aurunculeius
716 3045 818 3114 Cotta
834 3042 934 3135 legati
949 3040 1004 3112 alii
1023 3043 1057 3112 in
1075 3046 1252 3138 Menapios
1265 3046 1375 3131 missi,

294 3151 345 3219 his
366 3175 434 3218 non
462 3149 622 3240 inventis,
639 3175 723 3244 quos
742 3149 832 3220 silvae
852 3163 1085 3243 protexerant,
1106 3153 1249 3224 incensis
1272 3151 1376 3222 adifi-

294 3259 352 3326 ciis
371 3281 410 3325 ac
432 3258 584 3345 vastatis,
606 3257 650 3328 ad
672 3259 840 3327 Caesarem
862 3258 1087 3328 suntreversi.
1109 3260 1186 3351 Ipse
1208 3272 1321 3330 autem
1339 3260 1375 3330 in

294 3363 403 3458 Belgis
420 3365 583 3434 exercitus
604 3365 706 3434 totius
724 3363 865 3432 hiberna
880 3361 1054 3456 disposuit
1073 3366 1125 3434 Eo
1143 3365 1286 3436 duarum
1304 3391 1375 3434 non

198 3551 200 3556 ¹
294 3470 437 3566 amplius
459 3471 593 3540 urbium
608 3471 787 3540 Britannias
806 3484 973 3540 venenant
993 3469 1147 3556 obsides,
1168 3472 1240 3542 aliae
1257 3497 1376 3545 ornnes

294 3591 328 3646 et
340 3578 470 3646 romani
482 3577 764 3671 ducisimperium
778 3591 814 3646 et
831 3577 1001 3671 propriam
1022 3577 1123 3649 fidem
1143 3600 1183 3650 ac
1205 3581 1376 3673 praemissa

295 3698 573 3778 contempserant
590 3684 650 3752 His
670 3683 770 3752 rebus
784 3686 901 3754 Romae
913 3686 1071 3778 cognitis,
1085 3685 1375 3758 senatusconsulto

292 3793 412 3885 viginti
442 3790 572 3860 dierum
603 3789 802 3885 supplicatio
832 3793 983 3862 instituta
1013 3807 1083 3880 est;
1113 3818 1167 3863 res
1194 3817 1215 3861 a
1246 3793 1375 3862 saeoulis

289 3897 450 3966 inaudita.

347 4006 469 4074 Annuo
491 4004 533 4073 de
557 4028 651 4072 more
671 4006 787 4076 Caesar
814 4030 856 4074 ex
882 4005 1029 4076 lubernis
1049 4007 1086 4076 in
1111 4005 1243 4076 Italiam
1269 4009 1373 4076 venit

295 4113 440 4182 Peractis
462 4111 681 4184 conventibus
704 4112 882 4207 Cisalpinae
895 4111 1030 4205 Galliae,
1051 4113 1143 4206 quod
1160 4138 1250 4212 auno
1265 4112 1373 4184 altero
