3000 5025
222 460 226 472 ’
291 491 364 566 518
580 499 619 566 c,
647 476 797 566 Jn‘Ln
826 498 1062 567 ρατιονε

285 629 360 708 σέως
378 622 599 708 ἐπιδιώκοντας
620 633 657 698 τὸ
678 622 810 698 δέκατον
833 636 942 726 τάγμα
965 634 1132 722 κατέσχεν,
1150 627 1168 696 ὃ
1190 618 1355 715 ἐπικουρίας

284 737 370 802 ἕνεκα
394 740 424 804 ἐν
448 729 684 831 ἐπιτηδειοτέρῳ
707 740 856 806 ἐτέτακτο
880 739 979 825 τόπῳ.
1000 743 1102 805 Τοῦτο
1129 727 1232 802 δὲκαὶ
1250 731 1282 797 αἱ
1303 735 1355 794 τοῦ

284 835 542 930 τρισκαιδεκάτου
555 847 734 938 τάγματος,
753 847 787 911 ἐκ
801 855 857 912 τοῦ
877 855 986 937 μικροῦ
1004 834 1201 936 ςρατοπέδου
1225 838 1284 906 ὑπὸ
1304 841 1356 901 τοῦ

284 942 407 1026 Σεξτίυο
422 943 594 1042 ἐξαχθεῖσαι
617 943 796 1028 διεδέξαντο
814 952 1025 1045 σπεῖραι,’τήν
1044 961 1101 1019 τοῦ
1118 951 1206 1043 ὅρους
1225 948 1356 1037 ἀκρωνυ-

281 1054 351 1147 χίαν
372 1058 569 1149 κατέχονται.
585 1056 634 1124 Τὰ
650 1060 703 1149 μὲν
725 1055 776 1147 οὖν
795 1059 964 1153 τάγματα,
978 1049 1085 1130 ἐπειδὴ
1104 1066 1227 1151 πρῶτον
1255 1055 1284 1118 ἐν
1314 1055 1356 1134 τῷ

282 1155 417 1249 ἰσοπέδῳ
432 1166 569 1258 ἐγένετο,
586 1163 709 1231 ἐναντία
726 1171 792 1242 τοῖς
819 1164 975 1256 πολεμίοις
995 1168 1119 1241 ἐςησαν·
1141 1169 1158 1230 ὁ
1179 1154 1215 1229 δὲ
1233 1163 1357 1250 Βεριιιγ·

281 1263 410 1362 γέτορνξ
439 1271 501 1338 ἀπὸ
527 1282 584 1349 τῆς
617 1282 674 1338 τοῦ
705 1272 791 1364 ὅρους
820 1266 912 1350 πέζης
939 1273 1011 1349 τοὺς
1040 1276 1152 1337 ἐαυτοῦ
1184 1268 1357 1361 ςρατιώτας

281 1376 439 1472 ἀπήγαγεν
454 1377 504 1444 ἐπὶ
521 1380 559 1446 τὸ
573 1371 780 1470 ςρατέπεδον.
799 1365 842 1444 Εν
857 1389 897 1472 τῇ
912 1378 1001 1474 μάχη
1019 1380 1122 1471 ταύτῃ
1136 1385 1199 1443 τῶν
1212 1359 1375 1464 Ῥωμαίων

281 1491 455 1575 ςρατιῦιται
471 1482 592 1561 πλείους
607 1484 797 1551 ἑπτακοσίων
816 1488 935 1552 ἔπεσον.

335 1591 411 1657 LII.
437 1595 484 1684 Τῇ
508 1583 538 1656 δ’
559 1590 686 1684 ὑςεραίᾳ
701 1592 863 1665 ἐκκλησίαν
882 1598 899 1658 ὁ
925 1593 1047 1683 Καῖσαρ
1065 1587 1291 1681 ποιησάμενος,
1306 1583 1358 1665 τό,

280 1721 317 1761 ,τε
336 1695 463 1789 θράσος,
480 1697 532 1765 καὶ
550 1701 607 1771 τήν
627 1695 704 1792 άγαν
728 1709 791 1765 τῶν
810 1708 992 1790 ςρατιωτῶν
1009 1699 1194 1788 προπέτειαν
1214 1685 1358 1786 ἤλεγξεν,

280 1804 330 1868 ὅτι
352 1803 441 1870 αὐτοὶ
464 1815 521 1882 ,τῆς
541 1814 624 1896 σῳῶν
642 1806 765 1898 γνώμης
784 1800 878 1887 εἶναι,
897 1808 952 1881 ἕως
971 1795 1091 1870 οὗδέοι
1108 1809 1238 1896 χωρεῖν,
1260 1798 1311 1867 καὶ
1328 1795 1357 1863 τὶ

280 1901 377 2003 ποιεῖν
419 1902 483 1976 δέοι
517 1912 652 2004 ἔκριναν,
680 1911 731 1978 καὶ
764 1914 833 1993 ὅτι,
861 1921 918 1977 τοῦ
948 1911 1154 1983 ἀνακλητικοῦ
1190 1905 1356 1999 σημανθέν-

281 2041 351 2100 τος,
378 2021 433 2084 οὐκ
465 2020 595 2101 έςησαν,
625 2016 677 2086 καὶ
707 2019 796 2097 οὕτε,
814 2019 874 2084 ὑπὸ
902 2027 964 2082 τῶν
991 2010 1182 2109 ταξιάρχων,
1203 2016 1276 2082 οὕτε
1300 2009 1355 2078 θπθ

280 2132 341 2187 τῶν
369 2119 471 2190 ἄλλων
493 2124 650 2220 ἀρχόντων
673 2128 730 2190 οὐκ
755 2116 949 2198 ἠδυνήθησαν
976 2123 1180 2215 κατέχεσθαι,
1205 2120 1286 2189 πολὺ
1303 2119 1355 2189 τὴν

282 2219 455 2322 δυσχωρίαν
467 2222 622 2319 Ιδύνασθαι
648 2225 799 2296 έλάπτειν
824 2222 992 2296 διδάσκων·
1011 2227 1031 2301 ἦ
1053 2234 1110 2296 οὐκ
1129 2223 1258 2310 οἴδατε,
1274 2227 1356 2318 ἔφη,

281 2341 321 2412 ὡς
349 2337 409 2428 ἐγώ
441 2362 520 2404 ποτε
552 2333 622 2403 άνευ
652 2338 778 2404 ἱππικοῦ
807 2363 861 2419 τε,
896 2336 948 2403 ιιαὶ
975 2333 1125 2428 άρχοντος
1156 2337 1252 2412 ὄντας
1288 2332 1355 2407 τοὺς

280 2441 443 2534 πολεμίους
473 2439 684 2527 καταλαέὼν,
700 2441 753 2508 καὶ
785 2446 883 2535 σαρήν
918 2434 1029 2535 σχεδὸν
1060 2441 1153 2521 οὖσαν
1189 2445 1249 2517 τὴν
1277 2440 1355 2511 νέκυν

280 2554 365 2640 ήμῶν
383 2556 481 2643 ὀρῶν,
497 2554 578 2643 ὅμως
597 2560 640 2643 μή
661 2576 731 2617 τινα
749 2544 869 2624 θλάθην
888 2542 942 2616 διέι
959 2554 1017 2625 τὴν
1040 2542 1216 2642 δυσχωρίαν
1237 2551 1355 2641 ἔχοιμι,

281 2654 352 2732 τοὺς
373 2659 535 2749 πολεμίους
551 2659 746 2739 καταλιπὼν,
763 2663 841 2749 ὑμᾶς
860 2655 901 2734 εἰς
918 2659 956 2723 τὸ
976 2649 1171 2750 ςρατότεδον
1193 2654 1354 2749 ἀνήγαγον·

280 2764 343 2849 ὅσῳ
365 2762 495 2859 μὲνγὰρ
521 2766 578 2838 τήν
598 2765 802 2859 μεγαλότητα
826 2773 884 2830 τοῦ
912 2766 1059 2855 ὑμετέρου
1078 2763 1174 2854 θυμοῦ
1193 2754 1356 2855 θαυμάζω,

281 2867 331 2947 οθς
350 2874 384 2936 οὐ
405 2873 442 2938 τὸ
459 2882 515 2939 τοῦ
536 2862 733 2963 ςρατοπέδον
754 2878 816 2936 τῶν
839 2872 992 2961 πολεμίων
1012 2874 1173 2961 ὀχύρωμα,
1189 2874 1226 2937 οὐ
1250 2871 1288 2936 τὸ
1305 2876 1357 2933 τοῦ

280 2974 478 3069 ι’ίρουςιῦψος,
504 2982 538 3045 οὐ
571 2978 688 3054 τὸτῆς
717 2977 833 3054 πολεως
858 2984 960 3068 τεῖχος
989 2968 1183 3050 ἠδυνήθησαν
1209 2978 1357 3067 κατέχειν·

280 3088 420 3168 τοσούτῳ
435 3088 490 3157 τὴν
511 3083 688 3177 θρασύτητά
707 3080 758 3166 τε,
772 3084 824 3151 καὶ
841 3086 898 3158 τήν
913 3085 1097 3175 προπέτειαν
1118 3088 1204 3175 ὑμῶν
1224 3085 1356 3176 ἐλέγχω,

279 3194 329 3257 ὅτι
347 3185 541 3284 οἰκριὸέςερον
564 3193 653 3283 ἐμοῦ,
670 3200 727 3258 τοῦ
752 3189 993 3283 αὐτοκράτορος,
1008 3190 1077 3281 περὶ
1100 3200 1157 3267 τῆς
1176 3184 1357 3265 άποόάσεως

215 3322 217 3331 ’
279 3305 341 3363 τῶν
361 3298 570 3391 πραγμάτων,
583 3296 635 3364 καὶ
657 3306 713 3375 τῆς
735 3298 820 3375 νίκης
840 3288 952 3363 εἰδέναι
972 3288 1120 3387 νομίζετε.
1142 3287 1248 3362 Οὐδὲν
1266 3295 1356 3371 ἧττον

248 3492 250 3499 Ι
279 3402 336 3498 γὰρ
360 3406 535 3496 ςρατιώτην
559 3405 681 3497 μέτριόν
699 3430 734 3471 τε
758 3403 809 3471 καὶ
834 3401 1017 3487 ουνετὸν,ἢ
1043 3402 1152 3495 θρασύν
1171 3428 1208 3469 τε
1231 3403 1284 3471 καὶ
1306 3428 1357 3487 με·

279 3509 451 3604 γαλέθυμον
467 3510 623 3603 αἰτοῦμαι.

334 3618 426 3685 LIII.
446 3620 558 3684 Ταῦτα
578 3618 632 3710 μὲν
652 3617 764 3699 εἰπὼν,
780 3624 931 3686 τελευτῶν
951 3607 987 3683 δὲ
1010 3615 1082 3691 τοὺς
1101 3619 1300 3705 ςρατιώτας,
1315 3620 1355 3704 μή

279 3716 333 3791 διὰ
364 3723 407 3791 τὰ
437 3725 584 3818 γενόμενα
613 3718 786 3815 ῳοέεῖοθαι,
812 3726 890 3815 μήτε
921 3724 977 3796 τήν
1013 3723 1073 3789 ὑπὸ
1103 3729 1160 3799 τῆς
1185 3713 1355 3814 δυσχωρίας

278 3830 362 3922 σῳίσι
373 3833 534 3925 γενομένην
547 3824 678 3913 έλάίην,
688 3840 727 3925 τῇ
739 3839 799 3896 τῶν
808 3828 961 3921 πολεμίων
970 3829 1049 3923 αλιιῇ
1059 3829 1155 3900 αὐτὴν
1164 3830 1353 3921 περιάπτειν,

277 3938 582 4032 παρακαλεσάμενος,
607 3939 715 4020 αὐτὸς,
742 3942 844 4029 ὥσπερ
872 3935 924 4003 καὶ
948 3936 1101 4025 πρόσθεν,
1123 3947 1190 4013 πῶς
1220 3934 1353 4003 ἐντεῦθεν

278 4037 405 4112 δύναιτο
421 4042 541 4111 ἀπιέναι
562 4036 791 4138 διανοούμενος,
806 4045 842 4111 τὸ
860 4042 1022 4136 ςράτεομα
1034 4045 1069 4110 ἐκ
1085 4054 1142 4111 τοῦ
1157 4032 1351 4135 ςρατοπέδου

278 4145 450 4247 ἐξαγαγὼν,
465 4154 542 4220 αὐτὸ
563 4158 604 4230 ὡς
624 4152 664 4231 εἰς
685 4152 792 4247 μάχην
814 4151 1018 4243 παρέταττεν·
1040 4142 1147 4224 ἐπειδὴ
1164 4142 1200 4216 δὲ
1217 4149 1247 4215 οἱ
1264 4148 1351 4216 πολέ·
