3000 5025
482 448 490 477 θ

292 494 365 589 392
591 495 628 561 C.
657 494 803 561 JULII
831 481 1063 562 CAEsARls

293 656 348 711 το,
361 624 451 703 ἡνίκα
461 626 490 694 οἱ
501 626 641 717 πολέμιοι
651 626 688 693 τὸ
701 634 822 718 σημεῖον
833 622 976 719 ἄραντες,
985 622 1134 693 πάντοθεν
1148 616 1358 717 κατέδραμον,

290 733 390 812 λίθους
408 756 443 800 τε
463 732 514 800 καὶ
533 726 607 808 ύιλη
623 732 663 810 είς
682 732 721 799 τὸ
741 731 913 825 χαράκωμα
926 730 1013 806 νίκαν.
1032 729 1096 798 Καὶ
1109 729 1137 797 οἱ
1155 731 1209 823 μὲν
1222 716 1359 823 Ρωμαῖοι

292 844 331 907 τὸ
346 846 468 933 πρῶτον
490 841 534 905 ἔτ’
548 840 719 934 ἀκραιφνεῖς
735 840 838 921 ὄντες,
853 840 1023 931 ἐρρωμένως
1039 839 1069 903 τ’
1080 836 1296 929 ἀπεμάχοντο,
1306 836 1359 903 καὶ

247 1024 252 1033 ,
292 936 378 1015 οὐδὲν
398 942 508 1013 ἀνωθεν
520 946 618 1030 ,βέλος
637 944 739 1037 μάτην
759 944 896 1035 ἀφίεσαν·
916 944 943 1011 εῖ
956 942 989 1010 τί
1007 969 1042 1010 τε
1060 946 1149 1037 μέρος
1169 953 1225 1010 τοῦ
1241 967 1358 1036 ςρατο-

292 1043 386 1122 πέδου
406 1048 586 1143 ψιλούμενον
611 1043 764 1129 πιέζεσθαι
781 1057 900 1144 ὁρῷτο,
925 1049 1055 1117 ἐνταῖθά
1073 1075 1109 1117 τε
1132 1049 1245 1127 πάντες
1273 1052 1359 1116 συνέ-

293 1183 423 1253 τρεχον,
437 1156 488 1225 καὶ
503 1152 655 1232 έύούθουν·
673 1158 702 1224 έν
715 1159 818 1243 τούτῳ
831 1148 866 1222 δὲ
881 1159 973 1246 μόνον
991 1164 1147 1231 ἡττῶντο.
1166 1156 1208 1221 Οἱ
1226 1151 1283 1239 μὲν
1300 1154 1358 1248 γὰρ

291 1265 454 1357 πολέμιοι,
473 1255 577 1336 ἐπειδὴ
603 1270 622 1338 ἡ
646 1266 755 1356 πρώτη
775 1272 859 1354 σφῶν
886 1256 973 1341 τάξις
991 1263 1135 1355 ἔκαμνεν,
1154 1258 1233 1334 άλλη
1251 1264 1359 1339 νεαλὴς

289 1371 436 1463 προσχέει,
456 1369 507 1437 καὶ
526 1368 617 1443 ἀλλη·
637 1379 731 1436 τοῦτο
750 1360 781 1435 δ’
800 1373 856 1436 οὐκ
872 1360 1024 1445 ἠδύναντο
1051 1375 1146 1436 ποιεῖν
1164 1368 1193 1435 οἱ
1210 1354 1357 1460 Ρωμαῖοι.

290 1479 362 1567 Ούχ
389 1477 470 1553 ὅπως
495 1472 550 1569 μὲν
578 1472 637 1571 γὰρ
663 1475 865 1569 ἀπειρηκότι,
884 1476 954 1542 ἀλλ’
981 1466 1051 1542 οὐδὲ
1078 1476 1285 1569 τετρωμένῳ,
1303 1476 1358 1547 τὴν

290 1588 402 1649 ἑαυτοῦ
419 1584 522 1675 χώραν
541 1581 738 1649 ἀπολιπόντα
756 1582 864 1649 ἑαυτὸν
883 1575 1128 1673 ἀναλαμύάνειν,
1146 1572 1200 1646 διὰ
1218 1582 1276 1654 τὴν
1295 1585 1359 1647 ολι-

288 1689 411 1782 γότητα
429 1692 485 1755 οὐκ
503 1682 582 1766 ἐξῆν.

344 1796 385 1863 V.
399 1795 463 1871 Τῆς
481 1785 515 1861 δὲ
535 1792 637 1886 μάχης
656 1800 759 1863 πλεῖον
778 1788 812 1872 ἓξ
828 1800 913 1886 ὡρῶν
931 1784 1199 1888 διαγεγενημένης,
1211 1795 1247 1858 ού
1266 1791 1358 1883 μόνον

290 1926 326 1967 τε
345 1910 400 1977 τῆς
420 1898 542 1992 ἰσχύος,
556 1899 699 1967 ἀλλὰκαὶ
714 1909 776 1969 τῶν
792 1904 888 1985 βελῶν
901 1891 962 1973 ἤδη
980 1901 1051 1976 τοὺς
1068 1884 1228 1990 Ῥωμαίους
1246 1897 1360 1965 ἐπιλεί-

290 2006 430 2087 πόντων,
449 2006 477 2073 οἱ
494 2007 635 2099 πολέμιοι
659 2006 841 2099 θρασύτερον
860 2006 934 2073 τότε
953 2000 1162 2095 προσέόαλλόν
1182 2030 1233 2087 τε,
1251 2001 1306 2071 καὶ
1322 2006 1359 2072 τὸ

291 2120 352 2178 τῶν
371 2096 519 2202 Ῥωμαίων
537 2105 599 2186 ἤδη
625 2112 850 2203 ἀποκαμόντων
874 2114 970 2204 ἔρυμα
987 2106 1214 2193 καταύαλλειν,
1232 2110 1289 2205 καῖ
1304 2109 1359 2189 τδις

292 2218 425 2307 τάφρους
443 2223 578 2310 πληροῦν
597 2210 739 2310 ἤρξαντο·
762 2209 823 2290 ἤδη
849 2219 878 2283 τ’
897 2219 927 2282 ἐν
946 2226 994 2297 τῷ
1017 2216 1140 2309 ἐσχάτῳ
1164 2218 1203 2283 τὸ
1230 2220 1360 2312 πρᾶγμα

290 2316 474 2416 περιῖςατο,
495 2322 583 2397 ἡνίκα
603 2329 618 2389 ὁ
637 2325 793 2400 Πούπλιος
821 2316 932 2401 Σέξτος
957 2325 1130 2407 Βάκουλυς,
1152 2332 1282 2416 πρῶτος
1307 2332 1361 2391 τοῦ

291 2428 452 2523 τάγματος
471 2422 656 2524 ταξίαρχος,
670 2427 701 2494 ὃν
718 2431 746 2494 ἐν
767 2440 807 2525 τῇ
825 2430 900 2524 πρὸς
918 2430 989 2506 ’τοὺς
1008 2426 1170 2523 Νερουῖσυς
1185 2430 1272 2523 μάχη
1290 2435 1362 2497 πολ-

291 2531 338 2631 λὰ(
356 2535 619 2629 τραυματισθῆναι
638 2534 820 2629 εἰρήκαμεν,
838 2535 890 2602 καὶ
915 2536 1004 2615 Γάῖος
1032 2540 1219 2614 Βολουσῆνος
1238 2535 1361 2629 χιλίαρ-

292 2666 361 2732 χος,
377 2639 451 2734 ἀνὴρ
471 2641 714 2734 ῥωμαλεώτατός
733 2667 784 2726 τε,
799 2641 852 2710 καὶ
869 2635 1171 2724 όουλευτικύτατος,
1186 2650 1233 2729 τῷ
1252 2635 1362 2734 Γαλόορ

291 2737 560 2841 προσδραμόντες,
580 2746 655 2838 μίαν
673 2749 716 2814 ἔτ’
738 2743 815 2814 εἶναι
836 2740 949 2815 ελπίδα
969 2746 1121 2842 σωτηρίας
1143 2739 1361 2832 διδάσκουσιν,

291 2851 327 2927 ἢν
347 2853 437 2944 μόνον
457 2843 561 2929 ἔξοδον
580 2853 795 2945 ποιησάμενοι,
809 2863 865 2930 τῆς
890 2853 1023 2945 ἐσχάτης
1050 2865 1215 2945 πειρῶνται
1236 2857 1361 2923 ε’πυιον·

293 2957 367 3052 ρίας.
388 2943 417 3022 O
436 2957 490 3049 μὲν
509 2955 559 3024 οὖν
578 2960 603 3024 Γ
605 2953 701 3036 ἀλέας
725 2960 798 3036 τοὺς
817 2952 1000 3054 ταξιάρχους
1016 2960 1225 3054 συγκαλέσας,
1244 2951 1288 3026 δι’
1306 2965 1360 3028 αύ-

292 3072 353 3130 τῶν
373 3069 438 3139 τοῖς
456 3066 644 3156 ςρατιύταις
663 3067 951 3158 παρηγγύησε,τῆς
970 3065 1024 3154 μὲν
1043 3063 1145 3156 μάχης
1163 3063 1266 3158 ολίγον
1286 3067 1359 3133 ἀνα-

292 3167 457 3250 παύεσθαι,
480 3166 531 3234 καὶ
549 3169 640 3260 μόνον
666 3168 707 3236 τὰ
731 3171 915 3262 πεμπόμενα
939 3164 1014 3244 όέλη
1042 3171 1219 3251 φυλάττειν·
1237 3163 1360 3240 ἐπειδάν
1451 3213 1455 3221 =

293 3266 327 3340 δὲ
339 3275 521 3368 σημηνη,ἕκ
537 3299 572 3341 τε
589 3284 646 3342 τοῦ
664 3267 860 3368 ςραποπέδου
877 3269 1004 3359 ἐξιέναι,
1018 3275 1070 3344 καὶ
1087 3282 1189 3344 πᾶσαν
1208 3277 1361 3370 σωτηρίας

292 3370 403 3447 ελπίδα
421 3381 451 3445 έν
470 3381 547 3472 μόνῃ
567 3390 606 3473 τῇ
626 3380 719 3474 ἀρετῇ
738 3380 898 3448 ποιεῖσθαι.

345 3487 406 3555 VI.
426 3485 525 3552 Αὐτοὶ
543 3477 577 3552 δὲ
596 3488 634 3554 τὸ
654 3486 808 3553 κελευσθὲν
825 3496 979 3570 ποιοῦσιν,
995 3490 1030 3554 ἐκ
1047 3494 1152 3555 πασῶν
1167 3486 1196 3554 θ’
1214 3489 1283 3581 ἅμα
1301 3497 1360 3558 τῶν

293 3599 395 3659 πυλῶν
415 3585 563 3675 ἐξιόντες,
582 3592 652 3659 ούτε
673 3593 727 3683 μὲν
752 3601 809 3660 τοῦ
826 3594 865 3660 τὸ
892 3597 1022 3687 πρᾶγμα
1044 3596 1219 3689 γινώσκειν,
1236 3597 1360 3688 ούτεγι

293 3705 350 3764 τοῦ
365 3698 492 3775 ἑαυτοὺς
511 3691 709 3792 συναθροίζειν
729 3701 842 3789 σχολὴν
860 3707 925 3777 τοῖς
944 3697 1099 3790 πολεμίοις
1114 3691 1243 3767 ἔδωκαν.
1258 3705 1360 3768 Μετα-

294 3797 445 3880 όαλούσης
465 3814 628 3898 τοιγαροῦν
656 3814 713 3881 τῆς
739 3805 860 3896 τύχης,
879 3806 1006 3882 τούτους
1034 3805 1105 3881 τοὺς
1133 3806 1212 3872 ποτὲ
1240 3812 1359 3897 κρατεῖν

293 3919 350 3976 τοῦ
368 3900 565 4002 ςρατοπέδου
578 3909 780 3992 ἐλπίσαντας,
793 3909 943 3978 πάντοθεν
962 3911 1036 3977 τότε
1054 3908 1236 4004 περιςάντες
1251 3912 1280 3978 οἱ
1297 3897 1359 3978 Pu·

294 4021 378 4106 μαῖοι
395 4011 580 4105 κατέκοψαν·
602 4017 635 4083 ἔκ
653 4041 688 4082 τε
706 4015 889 4110 τρισμυρίων
909 4007 1159 4109 ἀνδρῶνίτοῢτο
1178 4010 1270 4085 δὲτὸ
1288 4024 1358 4090 πλέα

293 4119 343 4200 θος
357 4119 509 4214 πολεμίων
522 4122 597 4214 πρὸς
610 4124 647 4190 τὸ
660 4113 854 4212 ςρατόπιδον
866 4130 927 4189 τῶν
940 4107 1197 4216 Ῥωμαίομῖάλθιῖν
1208 4114 1355 4204 ε’δηλύθν)
