3000 5025
306 505 612 594 INTERPREs
641 509 879 578 GRAECUS.
899 509 1004 612 LIB.
1034 509 1125 578 vll.
1176 505 1247 602 517

173 625 257 719 θατο
270 685 279 718 ,
293 640 421 704 κελεύων
443 638 501 717 τὰς
520 637 644 732 σπείρας
665 631 719 707 θιὰ
743 639 859 731 τάχους
883 634 1074 735 ἐξαγαγόντα
1095 649 1153 708 τοῦ
1172 665 1250 732 ςρα·

171 732 330 826 τοπέθου,
360 747 390 812 ἐν
422 755 462 838 τῇ
498 733 573 840 πέζῃ
608 756 667 814 τοῦ·
698 747 784 839 ὅρους
817 745 900 813 κατὰ
932 749 969 814 τὸ
1000 757 1063 813 τῶν
1097 746 1250 837 πολεμίων

173 836 272 922 δεξιὸν
301 850 397 930 αὐτὰς
417 843 609 918 διατάττειν·
633 852 725 919 ἵναεί
751 854 823 930 τοὺς
843 839 1008 944 Ῥωμαίους·
1028 853 1057 919 οἱ
1079 855 1194 919 Γαλλοι
1217 856 1251 918 ἐκ

170 955 357 1048 τοῦχωρίου
377 951 568 1041 ἐξελάσειαν,
583 961 692 1038 ἐκεῖνος
710 969 768 1026 τοῦ
791 950 910 1026 θιώκειν
932 960 1004 1036 τοὺς
1024 957 1160 1036 Γάλλους
1177 959 1253 1025 ἀπο-

171 1062 294 1128 κωλύοι.
314 1065 416 1141 Αύτὸς
436 1055 471 1130 δὲ
494 1063 594 1159 ὀλίγον
618 1065 680 1132 ἀπὸ
700 1075 757 1133 τοῦ
771 1116 780 1148 ,
795 1069 872 1132 ὅπου
894 1061 950 1148 ἦν,
971 1065 1070 1132 τόπου
1097 1067 1151 1131 σὺν
1171 1064 1251 1158 τάγ-

173 1191 250 1256 ματι
278 1169 320 1235 ἑνὶ
349 1169 522 1263 προελθὼν,
548 1171 696 1256 ἐνταῦθα,
715 1171 791 1239 ποία
816 1198 864 1249 τις
882 1172 1001 1265 γένοιτο
1023 1177 1042 1244 ἡ
1069 1183 1125 1249 τῆς
1149 1171 1256 1263 μάχης

154 1329 157 1336 .
171 1267 345 1359 άπόθασις,
360 1287 503 1360 σκοπῶν,
517 1279 693 1368 κατέμενεν.
1347 1347 1351 1354 ,

226 1381 265 1447 L.
287 1373 475 1476 Ᾰμροτέρων
497 1373 533 1449 θὲ
552 1384 714 1477 προθύμως
737 1375 876 1462 συςάθην
901 1387 1099 1476 μαχομένων,
1114 1383 1198 1461 εὐθὺς
1218 1387 1253 1451 ἐκ

169 1495 229 1552 τοῦ
248 1498 308 1554 τῶν
330 1474 479 1582 Ῥωμαίων
499 1490 630 1585 πλαγίου
650 1490 792 1582 ὤφθησαν
811 1491 840 1557 οἱ
862 1477 1008 1573 monac,
1029 1490 1080 1569 οθς
1098 1497 1114 1557 ό
1130 1494 1250 1583 Καῖσαρ

170 1589 255 1660 κατὰ
276 1597 314 1661 τὸ
333 1606 390 1662 τού
408 1596 493 1686 ὅρους
517 1587 627 1692 θεξιὸνΙ
640 1587 682 1662 δι’
701 1593 797 1674 ἀλλης
816 1589 892 1663 ὁθοῢ
903 1606 912 1679 3
928 1590 1063 1684 διασπᾷν
1087 1601 1173 1664 ἕνεκα
1194 1598 1251 1670 τὴν

173 1707 236 1765 τῶν
254 1699 406 1795 πολεμίων
425 1693 622 1793 ςρατιάνίὼς
644 1702 696 1770 καὶ
712 1694 775 1776 ἤθη
798 1701 936 1795 εἴρηται)
953 1704 1133 1795 ἐπεπόμφει·
1149 1699 1177 1769 οἳ
1199 1693 1253 1767 διὰ

170 1808 227 1879 τθν
254 1808 426 1898 ὁμοιότητα
441 1816 509 1875 τῶν
533 1810 691 1876 Γαλλικῶν
716 1811 819 1877 ὅπλων
844 1809 973 1902 ἰσχυρῶς
997 1813 1068 1888 τοὺς
1090 1795 1252 1901 θωμαίονς

171 1908 336 2002 ἐρόύησαν·
365 1912 473 2006 καίπερ
507 1910 635 1982 ἄνοπλοι
666 1916 738 1992 τοὺς
766 1915 915 2003 ώμους,θ
945 1924 1068 2007 σημεῖον
1094 1913 1130 1988 ἦν
1156 1915 1251 2008 φίλων

172 2021 337 2111 ὁρώμενοι,
365 2023 447 2112 ὅμως
475 2032 578 2088 ταῦτα
606 2023 678 2100 τοὺς
709 2021 872 2105 Γάλλους,
898 2031 955 2089 τοῦ
986 2016 1143 2110 ἐξαπατᾷν
1173 2027 1252 2111 σφοῖς

127 2153 134 2170 ·
171 2129 276 2207 ἕνεκα,
290 2129 487 2200 πεποιηκέναι
517 2121 662 2219 ἐνόμιζον.
686 2114 728 2194 Εν
762 2119 797 2194 θὲ
829 2136 875 2214 τῷ
903 2132 988 2214 αὐτῷ
1021 2137 1117 2222 καιρῷ
1146 2134 1163 2195 ὁ
1197 2129 1251 2218 μὲν

173 2223 337 2324 ταξίαρχος
352 2236 480 2310 Λούκιος
495 2229 628 2318 Φάύιος,
644 2235 721 2302 οἵτε
736 2236 839 2321 ἐκείνῳ
853 2229 1098 2327 συναναύάντες,
1113 2241 1252 2324 συλληφ-

172 2338 271 2416 θέντες
292 2340 512 2428 ἐφονεύθησαν,
532 2340 583 2407 καὶ
610 2338 692 2408 κατὰ
711 2343 748 2408 τὸ
772 2351 829 2418 τῆς
856 2343 974 2419 πόλεως
997 2349 1098 2433 τεῖχος
1126 2340 1252 2433 ε’ῥρίρηε

174 2469 241 2510 σαν.
257 2429 286 2510 0
304 2435 339 2511 θὲ
360 2445 487 2539 Μάρκος
507 2448 671 2540 ’Πετρέῑος,
689 2458 745 2515 τοῦ
765 2451 860 2514 αὐτοῦ
880 2448 1042 2542 τάγματος
1061 2447 1254 2539 ἐκατόνταρ»
1296 2468 1298 2471 ·

173 2578 247 2642 χος,
262 2551 373 2643 ὁμοίως
387 2564 443 2621 τοῦ
462 2553 581 2645 τείχους
601 2548 768 2634 ἐπιθύσας,
784 2552 841 2631 τὰς
861 2555 914 2645 μὲν
933 2564 989 2630 τῆς
1009 2555 1129 2631 πολεως
1150 2558 1255 2631 πύλας

173 2649 352 2751 διακόπτειν
376 2659 576 2753 ἐπεχείρησεν·
596 2662 656 2727 ὑπὸ
677 2650 712 2725 δὲ
732 2668 789 2726 τοῦ
811 2667 874 2726 τῶν
895 2667 1029 2738 πολιτῶν
1049 2661 1143 2751 ὄχλου
1170 2658 1250 2727 ἀπο.-

173 2762 331 2847 κωλυθεὶς,
351 2772 447 2833 αὑτοῦ
464 2768 494 2833 τ’
509 2758 652 2858 οὐδεμίαν
668 2766 714 2831 ἔτι
735 2757 848 2832 ελπίθα
864 2769 1062 2853 ποιούμενος,
1074 2764 1126 2831 καὶ
1147 2763 1249 2833 πολλὰ

172 2873 339 2963 τραύματα
350 2866 455 2939 λαθὼν
467 2924 475 2955 ,
487 2879 550 2949 τοῖς
570 2876 654 2955 αὐτῷ
669 2871 947 2945 συνακολουθόσασι
964 2875 1172 2965 ςρατιώπαις,
1187 2855 1250 2943 ὅτε

173 2977 310 3069 μὲν,έρη
321 2979 393 3070 ,ἐμέ
405 3004 439 3046 τε
454 2978 505 3046 καὶ
523 2983 602 3071 ὑμᾶς
614 2977 680 3069 ἀμα
692 2981 725 3044 ού
740 2970 875 3070 θύναμαι
884 2972 1250 3072 σώζειν,θμάςγοῦν,οθς

173 3094 265 3175 τιμῆς
275 3084 509 3178 ὀρεγόμενος,εἰς
521 3086 615 3179 μέγαν
625 3076 899 3178 κίνθυνονῆγωρον,
909 3084 934 3152 εί
944 3077 1248 3165 θυνατὸν,θιασώσω·

172 3176 1251 3284 ὑμεῖςθὲ,ἐπειθάνσχολὴνθῶ,ταχὺθιαρεύγετε.Ᾰμαθὲταῦταείπὼν,

173 3296 333 3387 ιίςμέσους
347 3298 418 3375 τοὺς
427 3296 591 3389 πολεμίους
606 3288 869 3379 εἰσεπόθησε,θύο
879 3300 908 3362 τ’
920 3297 1037 3368 ἐκείνων
1048 3297 1249 3381 ἀποκτείνας,

172 3403 376 3481 τοὺςλοιποὺς
384 3405 485 3498 ὀλίγον
495 3405 556 3471 ἀπὸ
571 3415 627 3481 τῆς
637 3406 734 3483 πύλης
749 3404 924 3471 ἀπεώσατο·
934 3396 1057 3493 πρὸςθὲ
1072 3411 1143 3482 τοὺς
1153 3410 1248 3472 αὑτοῦ

171 3512 350 3601 ςρατιώτας
364 3505 647 3601 προσθοηθούντας,
661 3510 793 3592 Μάτην,
807 3512 879 3601 ἔφη,
894 3510 947 3601 ἐμὲ
963 3502 1120 3587 θιασώζειν
1136 3513 1249 3601 ἐπιχει·

173 3622 250 3707 ρεῑτε
262 3668 271 3699 ,
284 3614 316 3683 θν
330 3608 392 3690 ἤδη
409 3618 462 3699 τό,
478 3642 511 3684 τε
531 3615 623 3708 αἷμα,
634 3614 684 3683 καὶ
702 3622 721 3690 ἡ
738 3616 822 3707 ἰσχὺς
837 3615 1063 3687 ἀπολείπουσιν·
1080 3615 1160 3682 ἀλλὰ
1179 3620 1208 3681 ἐν
1224 3616 1248 3681 ὧ

174 3715 309 3803 ἐξουσίαν
340 3724 443 3814 ἔχετε,
472 3722 550 3789 ένθεν
578 3749 612 3789 τε
644 3722 830 3814 ἀπέρχεσθε,
855 3722 906 3793 καὶ
929 3724 1004 3810 πρὸς
1033 3724 1073 3789 τὸ
1104 3724 1247 3814 ὑμέτερον

171 3828 280 3921 τάγμα
301 3831 498 3922 ἀναχωρεῒτε.
519 3832 629 3896 Ταῦτα
656 3819 805 3923 θ’·,ούτωςΙ
825 3829 931 3911 εἰπὼν,
946 3830 1038 3907 αὐτὸς
1064 3829 1118 3921 μὲν
1150 3830 1247 3898 ἔπεσε·

172 3942 237 4012 τοῖς
255 3927 285 4001 θ’
303 3939 414 4003 ἑαυτοῦ
428 3938 615 4029 ςρατιώταις
635 3933 786 4027 σωτηρίας
801 3935 897 4013 αἴτιος
913 3937 1041 4029 ἐγένετο.

226 4041 284 4107 LI.
299 4042 340 4108 Οἱ
363 4034 398 4109 θέ
417 4027 554 4133 Ῥωμαῖοι
572 4040 720 4107 πάντοθεν
735 4033 921 4132 πιεζόμενοι,
936 4042 1130 4133 ἐτράπησαν,
1144 4036 1176 4119 ἓξ
1197 4042 1249 4108 καὶ

172 4148 406 4241 τετταράκοντα
423 4141 608 4241 ταξιάρχους
630 4142 851 4225 ἀποθαλύντες·
866 4154 944 4225 τοὺς
962 4141 997 4215 δὲ
1018 4149 1155 4241 Γάλλους
1174 4148 1249 4241 θρα,

996 4265 1063 4349 33³
