3000 5025
310 461 390 549 384
477 527 479 531 .
603 462 641 530 C.
671 461 820 529 JULII
848 456 1089 527 CAESARIS

311 596 363 663 καὶ
375 584 469 686 φέύος
481 587 651 673 ἐξηκούετο·
665 598 726 670 ὥςε
741 594 863 669 τούτοις
878 592 932 683 μὲν
948 595 1059 673 πᾶσιν,
1071 590 1099 657 οἱ
1109 589 1161 657 ἐπὶ
1173 590 1231 664 τῆν
1245 588 1375 673 βοηθειαν

312 712 369 770 τού
383 700 537 793 Καίσαρος
556 700 741 793 πεμφθέντες
765 696 904 792 Τρευίροι
925 696 1047 778 ἱππεῖς,
1063 692 1378 791 ἐκπλαγέντεςίοθτοι

311 799 349 875 δέ
372 806 517 901 κράτιςοί
533 832 567 872 τε
591 806 642 873 καὶ
662 807 876 898 ἀλκιμώτατοι
900 799 986 896 παρὰ
1006 810 1071 880 τοῖς
1094 801 1224 880 Γάλλοις
1244 804 1376 897 ἐλέγοντο

312 910 403 997 εἶναι)
417 914 454 980 τὸ
469 914 521 1005 μὲν
542 924 604 979 τῶν
618 898 768 1003 ῥωμαίων
788 901 984 1004 ςρατύπεδον
998 899 1060 981 ἤδη
1075 911 1135 976 ὑπὸ
1152 920 1215 975 τῶν
1229 907 1372 1001 πολεμίων

311 1019 500 1113 πληροῦσθαι
515 1069 525 1102 ,
543 1012 585 1085 τά
603 1010 638 1084 δέ
659 1020 809 1113 τάγματα
824 1018 883 1084 ὑπὸ
897 1025 959 1082 τῶν
978 1014 1130 1107 πολεμίων
1147 1014 1274 1107 ἰσχυρῶς
1287 1006 1378 1091 πιεζό-

312 1152 407 1218 μενα,
425 1125 476 1191 καὶ
497 1116 606 1217 σχεδὸν
631 1116 692 1197 ἤδη
721 1114 944 1216 διαφθαρῆναι,
961 1123 1034 1198 τούς
1059 1146 1094 1187 τε
1117 1119 1310 1204 ἀκολούθους,
1328 1120 1379 1186 καὶ

209 1273 213 1280 ·
310 1233 383 1309 τοὺς
411 1230 604 1312 ἱππέας,καὶ
625 1230 696 1308 τοὺς
724 1220 932 1321 σφενδονήτας
952 1216 1105 1318 Νομάδας
1133 1218 1379 1320 διεσπαρμένους,

310 1334 404 1404 ἀλλον
420 1333 533 1404 άλλοσε
551 1344 653 1430 φυγεῖν
669 1328 799 1415 ἰδόντες,
811 1337 858 1402 ἐπ’
873 1334 956 1402 οἴκου
970 1358 1005 1400 τε
1020 1332 1168 1406 ἀπῆλθον·
1188 1332 1246 1399 καὶ·
1257 1331 1380 1399 ἐνταῦθα

311 1446 383 1520 τούς
403 1466 438 1509 τε
459 1429 618 1535 Ῥωμαίους
645 1440 833 1525 ἡττηθῆναι,
848 1437 900 1507 καὶ
924 1441 962 1506 τὸ
981 1432 1175 1532 ςρατύπεδον
1198 1442 1316 1522 αὐτῶν,
1340 1439 1379 1504 τά

267 1566 269 1570 ’
310 1575 346 1616 τε
363 1550 493 1640 σκευοφύ
512 1576 533 1615 α
552 1549 612 1616 ὑπὸ
635 1556 696 1614 τῶν
724 1546 877 1639 πολεμίων
903 1544 1100 1636 κατέχεσθαι,
1121 1545 1318 1639 ἀπήγγειλαν.

364 1655 474 1725 XXV.
488 1576 517 1721 θ
531 1644 565 1721 δὲ
576 1646 697 1748 Καῖσαρ
712 1654 774 1721 ἀπὸ
788 1662 845 1720 τού
857 1644 990 1719 δεκάτου
1006 1649 1167 1745 τάγματος
1182 1651 1223 1729 εἰς
1234 1653 1273 1718 τὸ
1287 1640 1378 1730 δεξιὸν

312 1763 400 1855 κέρας
415 1761 571 1843 ἀπελθὼν,
586 1760 718 1827 ἐνταῦθα
737 1759 791 1852 μὲν
811 1768 872 1825 τῶν
887 1756 1018 1849 σημείων
1030 1757 1074 1837 ἐἰς
1090 1761 1144 1825 ένα
1157 1757 1378 1851 συναθροισθέν-

312 1893 393 1950 των,
408 1868 478 1946 τοὺς
494 1866 547 1959 μὲν
566 1876 623 1933 τοῦ
642 1858 824 1933 δωδεκάτου
842 1862 1003 1957 τάγματος
1025 1867 1204 1957 ςρατιύτας
1229 1858 1380 1957 συμπιέζε·

314 1973 385 2040 αθαί
397 2000 452 2056 τε,
466 1972 518 2041 καὶ
535 1973 679 2051 ἀλλήλοις
689 1983 754 2039 τοῦ
773 1970 924 2063 μάχεσθαι
938 1961 1082 2063 ἐμποδὼν
1102 1963 1187 2037 εἶναι·
1207 1972 1329 2038 πάντων
1347 1960 1378 2037 δὲ

313 2088 374 2146 τῶν
394 2090 451 2157 τῆς
475 2077 629 2172 τετάρτης
645 2078 770 2173 σπείρας
786 2071 961 2170 ταξιάρχων
983 2076 1155 2160 πεσόντων,
1169 2087 1227 2145 τοῦ
1246 2070 1277 2143 δ’
1294 2078 1378 2144 ἀετο·

313 2186 406 2277 φύρου
431 2184 656 2278 ἀναιρεθέντος,
672 2184 723 2251 καὶ
746 2192 802 2250 τοῦ
823 2183 947 2275 σημείου
973 2182 1188 2266 ἀπολωλότος,
1212 2193 1275 2251 τῶν
1299 2209 1332 2250 τε
1349 2186 1379 2249 ἐκ

313 2301 375 2357 τῶν
393 2296 509 2358 λοιπῶν
528 2298 657 2383 σπειρῶν
676 2284 851 2382 ταξιάρχων
871 2280 982 2381 σχεδὸν
1004 2290 1129 2357 πάντων
1149 2288 1169 2363 ἢ
1186 2294 1379 2386 πληγέντων,

312 2396 332 2469 ἤ
347 2396 620 2480 τελευτησάντων,
636 2400 665 2463 ἐν
680 2399 801 2474 τούτοις
817 2387 918 2463 δὲκαὶ
936 2406 994 2462 τοῦ
1010 2395 1170 2463 Πουπλίου
1185 2392 1311 2476 Σεξτίου
1323 2400 1378 2462 Βα-

313 2505 422 2572 κούλου
444 2506 500 2570 οὐκ
522 2503 568 2570 ἐτι
592 2504 652 2571 ὑπὸ
670 2513 731 2570 τῶν
751 2502 939 2597 τραυμάτων
960 2502 1086 2579 ίςασθαι
1109 2494 1297 2594 δυναμένου,
1315 2502 1378 2579 τοὺς

292 2673 293 2678 ,
313 2611 367 2702 μὲν
379 2611 505 2688 λοιποὺς
522 2605 596 2676 εἶναι
613 2603 836 2704 βραδυτέρους,
846 2609 898 2677 καὶ
911 2607 994 2675 ἐνίων
1008 2613 1039 2702 γ’
1049 2613 1151 2677 αὐτῶν
1165 2611 1238 2689 τοὺς
1253 2611 1379 2691 ὑςάτους

313 2717 347 2783 ἐκ
365 2741 400 2782 τε
417 2726 473 2794 τῆς
489 2717 591 2808 μάχης
613 2710 738 2802 ἐξιέναι,
753 2717 805 2784 καὶ
825 2710 883 2794 ἔξω
904 2723 967 2782 τῶν
989 2710 1085 2782 ύελῶν
1110 2717 1299 2810 ἀναχωρεῖν,
1316 2715 1379 2791 τοὺς

314 2814 350 2888 δέ
363 2820 546 2915 πολεμίους,
564 2823 625 2890 ἀπὸ
644 2832 702 2889 τοῦ
715 2826 861 2915 μετώπου
878 2822 1019 2900 ἀνιέντας
1041 2825 1075 2889 ού
1101 2823 1255 2916 μεθιέναι,
1269 2825 1335 2892 ἀλλ’
1352 2811 1392 2897 ἐξ

275 2942 277 2946 ’
313 2929 495 3021 ἀμφοτέρων
511 2934 571 2994 τῶν
587 2928 724 3022 πλαγίων
746 2927 897 3024 ἐγκεῖσθαί
914 2954 970 3011 τε,
986 2933 1037 2995 καὶ
1057 2931 1096 2997 τὸ
1119 2935 1252 3023 πρᾶγμα
1274 2923 1335 3005 ἤδη
1352 2931 1377 2993 ἐν

313 3044 360 3119 τῷ
376 3033 500 3124 ἐσχάτῳ
521 3028 594 3128 εἶναι
616 3026 768 3102 κατεῖδεν·
786 3027 930 3127 οὐδεμίαν
950 3027 980 3102 δ’
994 3035 1029 3108 ῆν
1054 3026 1181 3102 δύναιτο
1203 3039 1377 3128 ἐπιπέμπειν

315 3134 453 3213 ύοηθειαν
469 3145 544 3232 ἐρῶν
557 3181 566 3223 ,
580 3141 636 3212 τῆν
658 3142 739 3219 τινὸς
758 3150 820 3207 τῶν
842 3140 966 3218 θςάτων
994 3133 1114 3210 ἀσπίδα
1136 3143 1277 3232 ἀφελὼν,
1296 3126 1378 3215 αὐτὸς

314 3245 355 3322 εἰς
372 3247 428 3319 τῆν
446 3249 572 3339 πρώτην
588 3240 676 3323 τάξιν
696 3247 861 3340 προῆλθεν,
875 3237 1028 3335 (ἐνταῦθα
1046 3249 1099 3340 μὲν
1119 3247 1178 3342 γὰρ
1198 3246 1271 3316 ἀνευ
1295 3245 1379 3316 ἀσπί·

300 3345 368 3429 δος
384 3348 474 3436 ἦλθε)
485 3343 556 3430 τούς
571 3378 605 3419 τε
621 3355 864 3448 ἑκατοντάρχους
879 3353 1009 3446 ὀνομαςὶ
1023 3356 1134 3432 έκαςον
1150 3357 1301 3439 καλέσας,
1316 3354 1377 3428 τούς
1455 3438 1458 3442 ¹

313 3483 349 3524 τε
368 3461 544 3551 ςρατιιύτας
563 3448 739 3552 ἐξοτρύνας,
755 3462 793 3527 τὸ
813 3465 933 3552 σημεῖον
955 3458 1037 3527 κατὰ
1054 3469 1115 3527 τῶν
1133 3460 1289 3554 πολεμίων
1307 3462 1378 3552 αἴρε-

316 3563 402 3648 σθαι,
415 3563 466 3632 καὶ
480 3566 552 3642 τοὺς
564 3566 675 3657 λόχους
691 3566 859 3656 χαλᾶσθαι,
872 3567 923 3632 ἵνα
940 3570 1011 3658 ῥᾷον
1026 3560 1169 3634 δύναιντο
1183 3574 1252 3645 ταῖς
1272 3563 1379 3661 μαχαί-

316 3697 379 3764 ραις
401 3671 429 3737 οἱ
447 3679 620 3764 ςρατιῶται
646 3671 794 3764 χρῆσθαι,
813 3674 1023 3766 παρηγγύησε·
1050 3683 1091 3767 τῇ
1119 3664 1149 3738 δ’
1167 3678 1265 3741 αὐτοῦ
1290 3667 1379 3768 ἀφίξει

314 3768 437 3855 ἐλπίδος
455 3778 537 3855 τινὸς
551 3785 616 3856 τοῖς
630 3781 818 3872 ςρατιύταις
832 3781 1042 3873 ἐγγενομένης,
1056 3779 1169 3857 ἑκάςου
1183 3783 1214 3847 τ’
1225 3785 1329 3848 αὐτῶν
1345 3771 1378 3844 δι’

314 3887 424 3950 ἑαυτοῦ
443 3885 476 3948 ’ἐν
495 3894 535 3977 τῇ
552 3879 620 3972 ὄψει
640 3895 694 3950 τοῦ
713 3884 938 3978 αὐτοκράτορος
953 3881 1086 3979 (καίπερ
1105 3889 1136 3952 ἐν
1158 3895 1222 3966 τοῖς
1240 3893 1377 3979 χαλεπω·

314 3987 422 4068 τείποις
439 3987 619 4084 πράγμασι)
632 3993 774 4083 λαμπράν
797 4017 832 4058 τι·
854 3997 949 4060 ποιεῖν
972 3994 1172 4085 γλιχομένου,
1185 3993 1289 4089 ολίγον
1311 3994 1377 4060 τιν’.

313 4102 375 4160 τῶν
391 4094 542 4188 πολεμίων
557 4101 635 4190 ὁρμὴ
653 4097 812 4189 ἐπεσχέθη.
