3000 5025
291 491 361 559 oe
389 490 516 561 vira
542 464 695 560 sonu.
716 492 962 561 casatus
1101 494 1171 591 ¹87

119 614 145 690 iri
171 624 323 719 Hispania
351 627 575 720 possessiones
599 640 656 694 aut
683 618 885 695 domicilium
906 626 1087 715 haberent,
1108 622 1173 697 sta·

118 730 181 818 tim;
196 730 310 826 reliqui
329 758 445 801 omnes
466 732 508 801 ad
527 734 656 802 Varum
675 757 827 820 amnem,
844 732 949 801 ltaliae
967 735 1001 801 in
1021 734 1175 828 ingressu

117 834 352 907 dimitterentur.
387 842 518 927 Caesar,
545 864 584 907 ex
611 836 806 907 liberalitate
829 840 943 927 insita,
971 864 1012 907 ex
1035 838 1092 909 illo
1119 840 1173 910 die

116 966 202 1036 usqne
223 944 266 1014 ad
287 948 436 1032 Varum,
457 944 664 1014 frumentum
682 948 728 1015 eis
747 944 925 1040 pollicetur
943 970 950 1012 :
970 944 1063 1013 addit
1083 948 1172 1016 insu·

115 1072 178 1142 per,
198 1066 235 1119 ut
256 1054 404 1146 quisquis
431 1076 471 1121 eo
496 1050 583 1121 bello
606 1049 729 1145 aliquid
752 1052 928 1139 amisisset,
955 1048 1053 1145 quod·
1070 1072 1173 1147 penes

35 1230 44 1245 ,.
114 1154 215 1225 milites
234 1184 313 1227 suos
326 1172 430 1244 esset,
450 1160 480 1227 ei
496 1161 743 1245 restitueretur3
761 1156 940 1245 militibus,
959 1153 1171 1229 extimatione

35 1250 37 1331 l
113 1260 201 1350 lacta,
223 1267 368 1359 pretium
397 1288 509 1333 rerum
538 1267 684 1359 ipsarum
710 1263 751 1332 de
774 1288 835 1332 sua
856 1266 998 1358 pecunia
1019 1266 1170 1335 restituit

112 1369 158 1437 llis
173 1373 267 1441 victis
289 1385 324 1439 et
345 1373 379 1439 in
400 1370 601 1441 deditionem
622 1372 787 1465 acceptis,
811 1372 858 1439 sio
878 1372 1031 1441 citeriore
1052 1373 1171 1466 Hispa-

111 1476 151 1542 nia
169 1478 201 1544 in
223 1492 423 1572 potestatem
447 1477 603 1563 redacta,
625 1475 765 1546 ulterior
784 1475 877 1545 nullo
898 1478 1033 1571 negotio
1054 1501 1170 1547 conse·

111 1596 172 1650 outa
184 1599 250 1671 est,
264 1610 338 1678 quae
354 1585 416 1653 sub
430 1585 548 1654 Marco
564 1586 718 1654 Varrone
735 1583 920 1652 tenebatur.
935 1582 997 1651 Ille
1008 1586 1170 1655 comitum

109 1705 223 1759 secutus
237 1690 446 1785 exemplum,
456 1694 554 1760 cessit
568 1689 678 1777 ultr03
694 1714 757 1758 nec
769 1688 910 1776 distulit,
920 1686 1096 1759 commissa
1108 1691 1169 1759 sibi

107 1799 281 1887 provincia,
303 1798 432 1886 Gades,
455 1814 488 1867 et
510 1822 616 1892 usque
639 1800 815 1867 Oceanum
837 1796 1006 1865 fortunam
1024 1790 1169 1867 ‘casaris

106 1906 200 1997 sequi,
227 1918 263 1973 et
290 1906 453 1974 submissa
475 1906 606 1973 cervice
633 1903 750 1998 jugum
775 1904 854 1997 pati.
886 1905 941 1972 Sic
975 1905 1169 1998 compositis

106 2008 188 2079 rebus
208 2036 286 2079 cum
306 2013 453 2080 victoriae
476 2026 509 2081 et
538 2010 800 2079 mansuetudinis
829 2011 950 2105 insigni
980 2009 1105 2100 laude,
1126 2036 1168 2079 ex

105 2115 247 2211 Hispania
266 2118 464 2206 discessum,
486 2118 695 2211 reditumque
710 2119 853 2187 Romam
872 2131 930 2185 est.
952 2115 1099 2185 Massilia
1116 2120 1166 2186 iu-

34 2230 35 2233 ’
103 2225 183 2291 terim
201 2250 219 2293 e
244 2224 355 2319 legato
376 2226 534 2312 Caesaris,
555 2248 710 2319 aequoreo
731 2224 820 2292 victa
840 2224 1037 2313 certamine,
1059 2238 1110 2311 et,
1126 2238 1165 2293 ut

103 2330 218 2422 quidam
238 2347 411 2418 asserunt,
434 2356 564 2418 eversa,
590 2332 658 2399 sive
683 2344 722 2397 ut
740 2328 811 2417 alii,
833 2330 932 2423 idque
960 2344 1009 2399 est
1032 2334 1163 2416 verius,

103 2452 183 2532 capta
198 2464 258 2535 per
280 2438 482 2507 deditionem
502 2462 540 2507 ac
561 2438 708 2532 direpta,
726 2434 818 2503 nulla
832 2460 967 2505 suarum
988 2460 1101 2505 rerum
1116 2440 1162 2506 ci-

102 2543 181 2615 vibus
192 2545 323 2633 relicta,
335 2562 455 2641 praeter
474 2549 627 2640 inopem,
640 2544 697 2614 sed
713 2545 876 2612 cariorem
893 2545 1021 2613 cunctis
1041 2545 1162 2638 opibus

33 2653 35 2688 ³
100 2647 290 2741 libertatem
311 2668 345 2721 et
363 2652 480 2722 seditio
498 2651 640 2720 militum
660 2648 833 2737 terribilis,
855 2674 943 2743 quae,
963 2664 1003 2717 ut
1024 2651 1160 2744 quidam

33 2755 35 2826 l
99 2757 216 2848 volunt,
235 2759 431 2848 Placentiae,
452 2774 542 2829 certe
562 2759 678 2826 itinere
697 2756 807 2824 medio
825 2769 1008 2843 exarserat,
1026 2759 1109 2825 mira
1126 2771 1161 2825 et

98 2865 141 2933 vix
157 2865 304 2936 credibili
323 2881 404 2936 tunc
423 2867 558 2936 inermis
580 2864 673 2933 ducis
694 2865 818 2930 virtute
839 2886 1038 2956 compressa.
1065 2866 1158 2931 Dum

33 2971 35 3042 i
97 2972 265 3044 sicCaesari
284 2973 478 3069 obsequitur
500 2974 649 3057 fortuna,
667 2985 720 3058 et,
743 2983 783 3038 ut
806 2970 853 3038 sic
870 2969 1026 3057 dixerim,
1044 2968 1158 3038 adula-

33 3085 34 3172 J
96 3089 151 3168 tur,
179 3083 274 3176 quasi
301 3104 378 3148 eum
397 3082 515 3150 timeat
542 3093 577 3148 et
604 3101 727 3172 negare
757 3077 885 3170 potenti
913 3075 994 3144 nihil
1017 3077 1157 3165 audeat,
1254 3103 1257 3114 ·

33 3183 34 3224 ⁷
94 3183 201 3281 aliquid
223 3203 337 3256 tamen
364 3185 523 3256 adversus
543 3184 739 3272 abeuntem,
760 3198 799 3251 ut
825 3181 914 3252 Flori
939 3183 1043 3252 verbo
1062 3198 1156 3272 utar,

93 3313 158 3362 ausa
178 3309 229 3364 est
236 3320 246 3381 3
247 3295 353 3385 forte
370 3309 409 3362 ut
426 3297 590 3362 immittis
607 3289 887 3376 adversitatibus,
904 3296 1157 3385 prosperitates

90 3399 150 3488 eju
171 3402 328 3494 efficeret
350 3403 523 3470 clariores.
547 3392 717 3492 Siquidem
744 3420 847 3491 quum
867 3397 1026 3491 praemissi
1050 3397 1152 3465 Anto·

33 3497 37 3506 ’
90 3507 166 3594 nius,
187 3523 220 3577 et
250 3510 286 3576 P.
309 3505 484 3576 Dolabella
505 3505 548 3574 ad
570 3529 662 3574 mare
683 3503 891 3575 Adriaticum
919 3502 1153 3597 occupandum

90 3609 232 3702 bristout,
247 3615 289 3682 ab
309 3615 452 3684 Octavio
474 3612 622 3699 Libone,
642 3610 751 3706 legato
765 3610 914 3704 Pompeii
929 3607 1153 3705 praepollentis

33 3713 34 3718 ¹
90 3717 193 3815 pelago
214 3724 462 3790 circumventus
484 3720 668 3806 Antonius,
683 3716 726 3786 ad
738 3717 939 3786 deditionem
955 3716 1043 3786 farne
1060 3738 1152 3784 oom-

90 3824 188 3914 pulsus
211 3843 288 3896 est:
309 3827 367 3896 ubi
389 3825 470 3895 illud
489 3823 743 3894 memorandum
764 3824 892 3892 facinus
911 3823 1039 3909 evenit,
1060 3821 1151 3916 quod

92 3952 178 4022 quum
195 3933 237 4002 ad
261 3934 333 4027 ejus
352 3932 509 4002 auxilium
532 3931 658 4026 aliquot
680 3955 783 4000 naves
803 3932 910 3999 missae
930 3929 973 3996 ab
995 3927 1086 3997 Asilo
1103 3928 1151 3998 al·

92 4046 150 4106 tero
164 4037 270 4136 legato
291 4041 431 4110 Caesaris
452 4040 637 4124 venissent,
660 4051 694 4105 et
713 4052 786 4105 arte
803 4034 946 4105 Cilicum
970 4037 1027 4129 qui
1050 4037 1149 4104 Pom-

91 4146 189 4233 peiana
210 4147 315 4216 classe
332 4147 551 4240 navigabant,
574 4144 708 4214 funibus
726 4142 911 4235 illaqueatae
927 4157 1059 4230 essent,
1074 4142 1149 4213 reli·
