3000 5025
416 418 455 489 C.
484 420 682 491 JULIUS
710 420 900 491 CAESAR.
1119 425 1196 526 319

34 627 35 632 γ
124 575 181 644 μιον
197 550 365 637 Κάτωνος,
379 551 476 644 ὄνομα
494 562 541 641 τῷ
556 554 641 648 λόγῳ
654 528 946 647 θέμενοςᾟάτωνα·
964 556 1016 624 καὶ
1035 566 1162 642 πολλοῖς
1177 572 1194 632 ό

121 660 201 753 λόγος
214 656 249 733 ἦν
270 650 324 727 διά
340 651 492 745 σπουδῆς,
511 666 551 739 ὡς
565 659 660 743 εἰκὸς,
679 665 739 728 ὑπὸ
758 670 815 727 τοῦ
830 652 1011 731 δεινοτάτου
1026 675 1087 735 τῶν
1108 674 1196 761 ῥητό·Ι

123 790 172 856 ρων
191 766 231 845 εἰς
245 768 302 841 τὴν
324 765 473 844 καλλίςην
489 768 692 859 πεποιημένος
705 766 857 835 ὑπόθεσιν.
874 772 969 836 Τοῦτ’
983 770 1055 847 ,ήνία
1074 776 1196 843 Καίσα·

123 898 168 963 ρα,
182 873 369 979 κατηγορίαν
391 879 487 941 αὑτοῦ
506 868 672 966 νομίζοντα
690 875 745 941 τὸν
764 882 822 941 τοῦ
843 874 1026 957 τεθνηκότος
1042 872 1084 947 δι’
1104 885 1197 950 αὐτὸν

123 980 245 1047 ἔπαινον.
253 966 397 1076 Ὲγραθεν
408 977 459 1047 οὖν
470 980 587 1058 πολλάς
598 1005 684 1059 τινας
696 978 781 1048 κατὰ
790 991 847 1048 τοῦ
856 982 1007 1062 Κάτωνος
1015 984 1116 1065 αἰτίας
1126 1014 1198 1055 συν-

29 1140 34 1177 ,
124 1090 249 1181 αγαγών·
263 1090 301 1156 τὸ
317 1079 352 1154 δὲ
364 1081 482 1171 βιθλίον
496 1075 679 1155 Αντικάτων
693 1089 928 1183 ἐπιγέγραπται.
938 1089 1003 1158 Καὶ
1016 1085 1200 1174 σπουδαςδς
1279 1181 1281 1188 Ι

28 1228 29 1279 γ
123 1194 178 1285 ἔχει
191 1201 252 1262 τῶν
265 1195 367 1290 λόγων
384 1194 526 1288 ἑκάτερος
543 1185 597 1261 διὰ
609 1192 755 1288 Καίσαρα
768 1196 820 1263 καὶ
834 1195 972 1263 Κάτωνα
984 1203 1128 1279 πολλοός.

28 1292 29 1387 θ
169 1302 243 1370 LV.
258 1290 350 1369 Ᾰλλὰ
362 1298 437 1396 γὰρ,
447 1307 487 1378 ὡς
500 1300 665 1375 ἐπανῆλθεν
680 1300 720 1379 εἰς
734 1285 846 1394 Ῥώμην
860 1303 923 1371 άπὸ
937 1298 1068 1391 Λιόόης,
1077 1316 1201 1401 πρῶτον

27 1406 29 1479 Ξ
124 1408 172 1499 μὲν
190 1408 265 1503 ὑπὲρ
282 1416 337 1487 τῆς
355 1406 439 1485 νίκης
457 1408 705 1502 ἐμεγαληγόρησε
720 1409 796 1500 πρὸς
818 1410 872 1476 τὸν
897 1401 1012 1503 δῆμον,
1030 1420 1070 1491 ὡς
1089 1418 1205 1482 τοσαό.

27 1480 31 1539 ,t
123 1539 175 1588 την
195 1514 411 1607 κεχειρωμένος
431 1517 551 1607 χώραν,
566 1517 622 1589 ὅση
641 1508 765 1608 παρέξει
786 1514 855 1583 καθ’
877 1519 989 1593 έκαςον
1006 1522 1144 1588 ἐνιαυτὸν
1163 1522 1204 1603 εἰς

124 1622 156 1687 τὸ
176 1612 342 1714 δημόσιον,
364 1620 451 1688 σίτου
477 1622 531 1713 μὲν
556 1620 651 1689 είκοσι
679 1614 833 1715 μυριάδας
858 1611 1003 1690 Ᾱττικῶν
1028 1617 1205 1719 μεδίμνων,

26 1742 29 1839 γ
126 1729 220 1797 ἐλαίου
240 1720 276 1795 δέ
293 1736 406 1821 λιτρῶν
421 1718 574 1822 μυριάδας
592 1726 780 1822 τριακοσίας.
802 1709 923 1799 θπειτα
944 1726 1110 1824 θριάμόους
1132 1760 1208 1802 κατ-

26 1840 28 1921 ζ
126 1846 191 1930 ἥγε,
205 1838 260 1926 τὸν
282 1835 512 1929 Αἰγυπτιακόν,
534 1836 586 1903 τθν
611 1837 781 1921 Ποντικὸν,
798 1838 854 1903 τὸν
877 1831 1011 1905 Λιόυκὸν
1024 1837 1051 1924 ¹,
1071 1844 1127 1908 οὐκ
1145 1842 1207 1909 άπὸ

127 1942 307 2025 Σκιπίωνος,
320 1942 388 2008 ἀλλ’
407 1942 470 2011 άπὸ
489 1927 566 2009 Ῐόθα
586 1934 675 2017 δηθεν
691 1954 748 2010 τοῦ
765 1946 925 2027 βασιλέως.
940 1945 1022 2012 Τότε
1036 1947 1088 2013 καὶ
1100 1933 1208 2034 Ῑόόας,

26 2046 28 2051 ’
127 2050 182 2130 υἱὸς
207 2049 248 2116 ὢν
267 2049 395 2131 ἐκείνου,
409 2041 524 2141 κομιδῆ
549 2050 670 2135 γήπιος,
684 2052 715 2115 ἐν
735 2059 784 2136 τῷ
808 2044 949 2143 θριάμόῳ
972 2053 1133 2145 παρήχθη,
1152 2082 1211 2147 μα-

128 2155 320 2251 καριωτάτην
336 2156 427 2234 ἁλοὺς
444 2154 575 2237 ἅλωσιν,
590 2157 623 2222 ἐκ
638 2150 796 2249 βαρόάρου
812 2157 865 2223 καὶ
882 2150 1048 2249 Νομάδος,
1063 2146 1210 2234 Ελλήνων

26 2288 27 2349 3
128 2272 186 2343 τοῖς
213 2262 484 2355 πολυμαθεςάτοις
508 2260 666 2355 ἐνάριθμος
690 2262 830 2358 γενέσθαι
848 2275 1054 2359 συγγραφεῦσι
1070 2263 1092 2332 ².
1118 2266 1212 2335 Μετὰ

25 2438 27 2445 ,
130 2360 160 2437 δὲ
178 2371 254 2449 τοὺς
274 2364 441 2464 θριάμόους
461 2372 651 2462 ςρατιόιταις
673 2396 707 2437 τε
727 2370 862 2464 μεγάλας
886 2361 1002 2462 δωρεὰς
1021 2364 1143 2456 ἐδίδου,
1161 2377 1212 2442 καὶ

129 2480 178 2546 τὸν
195 2471 297 2572 δῆμον
316 2470 523 2568 άνελάμθανεν
537 2474 672 2554 ἑςιάσεσι
692 2476 744 2544 καὶ
764 2476 855 2554 θέαις·
872 2477 998 2556 έςιάσας
1018 2480 1071 2570 μὲν
1091 2482 1121 2546 ἐν
1142 2473 1214 2550 δυσ-

25 2573 27 2614 ³
131 2585 244 2680 μυρίοις
263 2584 315 2652 καὶ
338 2574 498 2676 δισχιλίοις
521 2582 683 2676 τρικλίνοις
700 2589 779 2674 ὁμοῦ
797 2585 1001 2674 σύμπαντας,
1017 2585 1086 2662 θέας
1105 2577 1141 2652 δὲ
1162 2584 1214 2655 καὶ

25 2691 26 2694 “
131 2691 315 2787 μονομάχων
339 2689 390 2758 καὶ
409 2691 575 2784 ναυμάχων
603 2681 722 2782 ἀνδρῶν
747 2691 916 2780 παρασχὼν
942 2689 993 2756 ἐπὶ
1018 2701 1060 2781 τῆ
1087 2691 1215 2787 θυγατρὶ

133 2785 235 2892 Ῑουλίορ
253 2797 352 2865 παλαι
365 2796 526 2889 τεθνεώσῃ.
543 2791 637 2862 Μετοὶ
653 2786 688 2860 δέ
703 2791 760 2872 τδις
775 2795 861 2878 θέας,
875 2797 1042 2888 γενομένων
1060 2802 1214 2890 τιμήσεων

133 2906 200 2974 ἀντὶ
217 2913 281 2973 τῶν
300 2905 456 2996 προτέρων
476 2894 557 2969 δυεῖν
578 2900 630 2968 καὶ
649 2900 817 2994 τριάκοντα
836 2893 992 2994 μυριάδων
1007 2897 1217 2980 ἐξητάσθησαν

135 3014 163 3081 αἱ
176 3019 278 3083 πᾶσαι
290 3001 524 3078 πεντεκαίδεκα.
538 3011 736 3082 Τηλικαιίτην
753 3015 771 3083 ἠ
794 3007 884 3086 ςάσις
905 3009 1116 3105 ἀπειργάσατο
1139 3040 1219 3107 σομ·

135 3119 249 3215 φορὰν,
263 3117 315 3186 καὶ
335 3127 483 3198 τοσοῦτον
503 3117 686 3204 άπανήλωσε
700 3123 759 3181 τοῦ
773 3106 874 3206 δήμου
894 3118 994 3208 μέρος·
1009 3111 1067 3194 ἐξω
1085 3131 1142 3187 τοῦ
1162 3123 1219 3189 λό-

135 3255 188 3322 γου
208 3225 376 3317 τιθεμένοις
399 3219 442 3290 τά
464 3221 665 3314 κατασχόντα
682 3224 739 3296 τήν
762 3217 858 3296 άλλην
884 3208 1010 3290 Ῑταλίαν
1029 3224 1221 3317 ἀτυχήματα

138 3334 187 3402 καὶ
206 3331 265 3410 τὰς
280 3330 439 3424 ἐπαρχίας.

190 3441 284 3509 LVI.
301 3435 561 3505 Συντελεσθέντων
582 3427 617 3502 δὲ
632 3438 768 3520 τούτων,
783 3440 902 3515 ὕπατος
915 3429 1108 3529 ἀποδειχθεὶς
1122 3439 1160 3507 τό
1173 3444 1223 3508 σε’-

139 3569 270 3642 ταρτον,
283 3543 324 3624 εἰς
339 3530 462 3638 Ῑίίηρίαν
477 3543 657 3636 ἐςράτευσιν
669 3543 719 3611 ἐπὶ
731 3544 804 3621 τοὺς
818 3541 983 3636 Πομπηΐου
995 3538 1126 3629 παῖδας,
1140 3548 1223 3624 νέους

140 3656 192 3748 μὲν
209 3655 302 3731 ὄντας
316 3653 383 3734 ἔτι,
399 3650 559 3746 θαυμαςῆν
582 3642 617 3717 δὲ
641 3660 687 3738 τῷ
707 3649 816 3724 πλήθει
838 3647 969 3743 ςρατιδιν
987 3653 1224 3745 συνειληχότας,

186 3865 211 3899 1.
228 3845 353 3898 Primum
368 3840 478 3914 quidem
494 3855 521 3894 et
533 3841 662 3918 mellen-
711 3859 799 3906 xtm,
812 3858 861 3909 193
871 3841 1006 3894 venetum
1014 3843 1116 3896 Putem.
1127 3861 1167 3910 11,
1178 3844 1225 3899 56.

144 3925 292 3990 tissimum,
312 3920 445 3976 Gallicum
466 3923 539 3988 scil„
555 3921 661 3974 silentio
755 3940 780 3973 ο.
797 3921 877 3975 Ηιιιιο
898 3934 991 3991 postea
1005 3923 1034 3974 in
1055 3924 1152 3977 solium
1172 3927 1227 3978 tvi·

145 4003 407 4079 praeteritPlutarch.
415 4006 454 4056 De
462 4021 515 4074 quo
525 4001 661 4057 vittsuet.
712 4013 791 4065 tum,
812 4019 862 4052 nec
888 3999 1059 4056 mediocriter
1083 4004 1228 4077 amplifica.

147 4087 174 4143 in
184 4087 239 4139 Jul.
255 4085 307 4156 373
320 4085 390 4156 App.
404 4083 662 4150 11‚101;Diocass.
713 4094 789 4148 tum,
804 4080 921 4137 restituit
935 4083 1077 4154 Augustus.
