3000 5025
219 400 287 511 im
624 443 892 513 narroars
975 418 979 423 ’

218 576 362 664 Graevii,
389 576 607 647 tetrastichon
628 574 694 646 hoc
717 578 856 646 Ausonii
878 575 1126 671 burdigalensis
1149 572 1296 644 subscri-

217 682 310 752 bere:
735 680 738 687 ’

338 796 503 874 Imperium
516 796 596 854 binis
609 796 706 855 fuerat
720 796 854 856 solemne
868 796 953 875 quod
969 796 1041 854 olim

339 972 345 979 ,
397 894 594 969 Consulibus,
608 900 703 955 Caesar
716 896 816 955 Julius
829 895 970 955 obtinuit.

339 992 400 1052 Sed
415 994 506 1053 breve
516 994 567 1072 jus
582 993 668 1073 regni
681 993 744 1052 sola
759 993 911 1053 trieteride
925 1006 1042 1073 gestum

398 1092 528 1151 Perculit
543 1105 661 1151 armatae
674 1094 763 1153 factio
779 1113 853 1152 seva
867 1105 953 1172 togae.

271 1238 421 1303 Fuerunt
434 1238 542 1305 ‘etiam
564 1235 737 1325 nonnulli,
757 1240 815 1333 qui
829 1238 1028 1325 suaderent,
1050 1250 1088 1306 ut
1106 1236 1194 1304 inter
1214 1234 1296 1327 ejus·

217 1339 294 1410 dem
305 1342 443 1411 Ausonii
459 1345 674 1414 Monosticha
687 1345 729 1415 de
745 1345 922 1414 duodecim
935 1345 1084 1413 Suetonii
1094 1341 1296 1426 Caesaribus,

218 1450 382 1544 Hesperio
398 1449 467 1519 filio
490 1450 617 1541 dicata,
636 1476 675 1521 ea
692 1452 865 1549 seligerum
884 1450 1137 1539 subscribenda,
1158 1473 1232 1544 quae
1253 1446 1296 1516 ad

217 1570 370 1625 nostrum
391 1555 517 1627 Julium
539 1560 726 1655 pertinent,
753 1562 822 1631 sive
847 1573 986 1656 propter
1013 1558 1164 1628 ordinem
1185 1556 1295 1651 impe·

218 1662 328 1752 randi,

359 1776 476 1836 Primus
490 1780 620 1859 regalem
634 1780 774 1859 patefecit
788 1778 887 1839 Julius
900 1777 998 1839 aulam
1012 1798 1022 1851 ς

272 1920 349 1989 Sive
367 1935 510 2016 propter
534 1937 681 2018 ternpus,
701 1948 770 2019 quo
789 1924 881 1994 stetit
897 1921 983 1993 illius
1000 1923 1199 2017 imperium,

359 2068 475 2142 Julius,
493 2080 528 2127 ut
542 2069 721 2148 perhibent,
737 2072 824 2130 divus
838 2069 989 2129 trieteride
1001 2081 1124 2150 regum

255 2278 257 2283 .
278 2214 353 2282 Sive
372 2230 511 2310 propter
531 2214 755 2285 miserandam
776 2214 863 2284 illius
880 2240 1021 2303 necem,

362 2353 462 2413 Julius
476 2356 589 2413 interiit
603 2359 698 2415 Caesar
712 2367 862 2436 grassante
878 2367 992 2414 senatu.

276 2500 343 2570 Sed
364 2527 467 2596 quum
489 2502 709 2590 haecomnia,
728 2528 920 2599 quanquam
940 2502 1018 2572 satis
1037 2499 1235 2590 mediocria,
1255 2496 1298 2569 ad

224 2607 349 2678 calcem
362 2611 512 2678 Suetonii
524 2611 630 2678 nostri
644 2609 748 2679 relata
764 2609 1040 2698 invenies,malui
1053 2610 1208 2678 breviora
1215 2633 1299 2702 quae·

223 2715 301 2785 dam
318 2719 524 2811 excogitare,
536 2727 619 2812 'quae
637 2719 706 2786 sine
722 2717 991 2786 offensione‘tibi
1013 2715 1205 2812 accipienda
1220 2739 1296 2809 pro·

225 2849 394 2918 ponerem.
411 2827 529 2920 Itaque
548 2823 615 2894 illie‘
634 2825 924 2920 sub-inscriptum
940 2823 1050 2920 legere
1068 2823 1204 2894 licebit:
1222 2844 1299 2892 nux

224 2953 671 3016 nnsn‚cananosca1rroa
687 2933 988 3027 onassrcus3quod
1002 2933 1029 3001 si
1045 2931 1226 3003 verborum
1239 2928 1302 2998 ele·

225 3039 391 3132 gantiam,
403 3053 437 3106 at
451 3037 568 3106 salter'n
583 3056 651 3107 non
664 3041 840 3108 veritatem
856 3063 970 3109 sensus
986 3037 1196 3108 desiderabis.
1206 3033 1300 3103 Infra

223 3143 311 3212 hanc
330 3145 596 3238 inscriptionem,
616 3141 763 3216 occurrit
787 3161 965 3241 argenteus
981 3168 1159 3232 nummus,
1173 3143 1215 3211 de
1232 3167 1301 3238 quo

224 3248 315 3319 nulla
333 3249 372 3319 fit
389 3255 514 3322 mentio
534 3255 621 3322 inter
636 3278 753 3322 omnes
771 3279 855 3349 quos
876 3251 945 3322 fere
959 3251 1121 3321 ducentos
1140 3251 1303 3346 expressit

226 3358 314 3426 Hub.
334 3356 496 3428 Goltzius.
524 3362 566 3429 In
591 3386 722 3430 summo
743 3359 865 3429 tabulae
895 3361 1044 3454 margine
1062 3356 1300 3454 praelucentem

225 3465 299 3534 viro
322 3464 450 3535 stellam
473 3466 579 3555 volui,
605 3483 644 3536 ut
661 3493 794 3562 semper
811 3481 888 3535 ante
910 3460 1221 3534 oculos-obversata
1244 3489 1303 3534 eae·

226 3571 315 3642 lestis
337 3571 392 3642 illa
415 3575 489 3662 far,
514 3589 547 3643 et
570 3576 748 3644 Caesariani
776 3573 835 3643 fati
860 3573 928 3641 dux
954 3574 1100 3668 praevia,
1116 3573 1151 3640 in
1172 3572 1301 3641 animos

225 3695 417 3769 revocaret,
438 3681 598 3778 quidquid
613 3683 774 3750 Horatius
792 3679 834 3749 de
852 3683 958 3750 Junro
976 3682 1125 3767 Smnnn,
1141 3677 1302 3774 quidquid

226 3783 269 3854 de
287 3789 430 3859 Drounr
448 3791 606 3860 Cmsiars
623 3811 735 3858 israe
753 3785 913 3882 Virgilius
935 3786 1067 3857 sublimi
1085 3786 1233 3856 carmine
1247 3809 1302 3857 ce·
1327 3792 1331 3799 '

227 3911 390 3965 emerunt.

280 4004 324 4071 II.
354 4002 558 4098 Genealogia
580 4003 719 4072 Caesaris
738 4001 837 4098 juxta
868 4002 1012 4098 effigiem
1041 4003 1171 4098 posita,
1194 3995 1301 4092 expli.

229 4123 325 4179 catur
344 4135 385 4179 ex
408 4111 562 4181 Huberto
579 4107 732 4199 Goltzio,
764 4112 822 4207 qui
842 4125 911 4180 tarn
934 4108 1092 4208 singulari
1115 4107 1249 4203 iugenio
1269 4119 1305 4174 et
