3000 5025
314 462 387 527 nn
416 460 545 527 vira
571 461 718 529 suin
747 464 993 533 cnslnrs.
1145 466 1193 565 67

37 596 39 659 l
124 609 253 689 quatuor
272 593 378 661 millia
401 618 560 687 passuum
579 619 836 688 progressurum
857 624 864 665 :
882 598 948 669 illie
972 600 1026 697 die
1044 603 1197 693 proximo

37 714 39 771 l
123 702 282 788 adessent,
297 726 377 769 cum
394 701 514 795 quibus
526 700 567 771 tle
583 700 716 777 illorum
727 705 887 797 petitione
899 706 1093 795 dissereret,
1106 713 1198 803 equi.

123 810 199 878 tibus
214 807 434 883 nihilominus
451 810 521 901 jam
542 812 742 903 progressis,
758 811 930 883 mandavit
950 840 992 885 ne
1014 815 1128 885 hostes
1148 820 1199 885 in·

37 902 39 999 l
124 916 294 997 vaderent:
316 915 451 1009 quodsi
475 916 519 992 ab
537 915 599 985 illis
619 917 873 1007 invaderentur,
899 945 1004 1015 usque
1031 922 1074 1000 ad
1098 925 1201 1018 ipsius

37 1030 39 1039 “
122 1024 297 1096 adventum
315 1025 379 1117 ipsi
397 1038 509 1094 tamen
528 1026 736 1098 sustinerent.
753 1028 906 1119 Equites,
922 1030 1019 1121 jussu
1036 1030 1129 1099 ducis
1145 1056 1200 1101 ae·

124 1148 232 1229 cepto,
255 1148 292 1209 et
316 1134 374 1224 qui
398 1132 488 1225 apud
510 1133 677 1202 Caesarem
704 1129 831 1226 legatos
852 1134 1001 1210 hostium
1024 1136 1201 1225 vidissent,

37 1226 39 1243 '
123 1256 274 1335 tanquam
294 1241 328 1309 in
340 1263 424 1333 pace
441 1240 548 1307 securi
563 1239 656 1307 ibant
668 1253 702 1307 et
719 1241 859 1326 incauti3
874 1242 952 1311 fidei
968 1245 1116 1338 signum,
1131 1270 1201 1313 non

124 1349 312 1443 prudentias.
335 1345 377 1419 Id
399 1370 503 1439 quum
529 1346 642 1415 hostes
668 1346 907 1437 advertissent,
924 1374 1116 1445 quanquam
1140 1378 1201 1421 nu·

125 1481 209 1526 mero
218 1455 323 1548 longe
331 1455 496 1547 impares,
512 1455 687 1547 repentino
702 1455 830 1549 impetu
844 1457 966 1525 invecti
978 1458 1202 1553 quadringen-

125 1578 169 1632 tos
188 1561 403 1657 septuaginta
419 1586 460 1632 ex
473 1562 519 1629 eis
532 1560 746 1648 oeciderunt,
759 1560 904 1655 reliquos
913 1565 947 1631 in
959 1565 1074 1658 fugam
1089 1591 1204 1635 versos

124 1672 247 1764 insequi
261 1694 332 1737 non
347 1669 440 1761 prius
453 1668 639 1755 desierunt,
652 1692 754 1761 quam
768 1667 811 1735 ad
825 1686 1043 1763 conspectum
1062 1674 1203 1741 Caesaris

125 1792 169 1847 est
181 1790 394 1873 perventum.
406 1775 459 1847 Ibi
475 1775 612 1847 demum
629 1776 870 1869 persecutionis
884 1800 924 1844 ac
943 1777 1031 1871 fugae
1046 1778 1121 1846 linis
1133 1778 1204 1847 fuit

126 1882 350 1955 Memorabilis
366 1884 452 1951 inter
467 1907 568 1951 cassos
585 1906 680 1952 casus
695 1883 821 1951 exstitit
836 1884 987 1971 Pisonis,
1001 1886 1059 1977 qui
1073 1887 1126 1953 vir
1139 1884 1206 1953 for-

126 1994 163 2062 tis
174 2018 212 2064 ae
227 1990 351 2061 nobilis
363 2013 404 2062 ex
419 1990 613 2082 Aquitania,
631 1991 726 2082 eujus
742 2014 827 2061 avus
840 1990 956 2083 populi
977 1994 1107 2060 romani
1126 1994 1207 2059 anri·

126 2124 179 2169 eus
193 2100 304 2169 dietus
316 2121 337 2172 a
350 2110 485 2181 senatu,
496 2121 601 2189 quum
614 2118 777 2190 germano
792 2098 930 2189 proprio
939 2097 983 2165 ab
992 2098 1143 2167 hostibus
1157 2101 1208 2165 in-

115 2220 272 2301 tercepto
292 2228 393 2299 opem
413 2202 542 2289 ferens,
566 2202 660 2275 illum
682 2202 817 2296 quidem
837 2203 987 2297 periculo
1014 2204 1208 2292 liberasset3

130 2316 195 2385 vice
210 2314 283 2404 ejus
300 2311 453 2387 detentus
476 2311 563 2381 inter
584 2310 736 2395 turham,
769 2324 867 2403 atque
897 2312 974 2403 equi
994 2310 1133 2379 vulnere
1166 2310 1209 2379 ad

130 2434 247 2493 terram
262 2418 377 2499 datus,
390 2414 581 2509 aliquandiu
593 2415 694 2511 pedes
710 2417 950 2488 animosissime
959 2442 995 2485 se
1008 2418 1209 2506 defendens,

131 2531 230 2600 vietus
251 2552 331 2596 cum
349 2550 391 2595 eo
414 2523 568 2596 concidit.
591 2523 635 2594 ld.
658 2549 762 2615 quum
790 2523 894 2593 frater
922 2526 992 2616 jam
1022 2523 1136 2619 praelio
1158 2524 1208 2592 di-

132 2660 255 2730 gressus
274 2646 489 2726 agnosceret,
505 2653 592 2721 equo
611 2628 751 2703 stimulis
774 2629 908 2716 adacto,
921 2631 1054 2709 ,medios
1077 2634 1112 2698 in
1130 2624 1208 2699 lios-

132 2757 174 2812 tes
198 2742 323 2829 rediit3
351 2739 462 2830 ibique
489 2736 620 2807 fortiter
655 2735 817 2804 dimicans
842 2736 1009 2805 occubuit.
1033 2737 1086 2805 Ad
1118 2737 1209 2808 hune

37 2851 39 2936 ζ
132 2851 262 2924 modurn
285 2847 355 2922 duo
371 2843 471 2920 ,simul
496 2843 616 2918 fratres
634 2843 759 2934 egregii
780 2856 898 2912 mutua
926 2844 1048 2936 pietate
1071 2846 1208 2939 periere.

133 2959 238 3032 Caesar
254 2957 523 3030 circumventum
543 2949 627 3024 dolis
642 2973 713 3022 sese
730 2946 864 3035 dolens,
876 2948 985 3018 nullos
995 2951 1065 3043 jam
1084 2951 1210 3047 legatos

37 3073 38 3116 t
133 3061 271 3140 hostium
293 3057 494 3143 audiendos,
521 3055 647 3130 nullum
668 3054 894 3128 conditionem
915 3059 1007 3150 pacis
1033 3059 1209 3137 admitten-

37 3215 38 3242 t
135 3168 221 3260 darn,
238 3192 351 3262 neque
368 3162 421 3237 uel
440 3163 610 3238 modicum
629 3161 852 3234 differendum
877 3177 987 3251 ratus,
1003 3163 1085 3234 dum
1105 3169 1210 3260 eopiae

136 3275 270 3354 hostium
287 3276 530 3368 jungerentur3
552 3269 651 3342 simul
678 3267 759 3342 illud
781 3267 983 3363 intelligens,
1009 3273 1100 3365 apud
1121 3273 1210 3342 leves

135 3383 302 3460 Gallorum
326 3377 524 3474 fragilesque
545 3379 690 3463 saumas,
708 3374 864 3446 hostilem
886 3376 1055 3466 fraudem,
1078 3381 1210 3448 uirtutis

37 3477 38 3486 ἵ
134 3493 318 3585 opilionem
351 3500 386 3554 et
412 3486 543 3558 viruitis
568 3507 692 3553 nomen
718 3481 814 3556 facile
842 3498 1068 3577 reperturam,
1085 3489 1212 3556 'statuit

136 3622 224 3674 omne
242 3594 399 3669 hostibus
418 3589 826 3683 consultandi,·simulqua
835 3604 870 3658 et
883 3590 988 3660 Gallis
1002 3590 1119 3660 falsam
1130 3596 1208 3687 ‚opi-

136 3706 261 3777 nionem
278 3699 484 3772 confovendi
498 3700 641 3792 spatium
662 3695 829 3768 eeleritate
850 3699 1037 3791 preripere.
1057 3700 1209 3768 Concilio

37 3835 39 3854 ³
138 3811 227 3903 igitur
249 3811 432 3893 advocato,
443 3806 525 3878 dum
547 3806 757 3900 propositum
774 3802 857 3872 illud
875 3830 973 3873 suum
991 3804 1116 3898 aperit,
1130 3830 1209 3876 ecee

139 3915 174 3984 de
186 3934 377 3988 transverso
389 3913 488 4007 legati
499 3913 646 3980 hostium
659 3964 668 3999 ,
683 3911 803 4006 quibus
819 3936 978 4005 prospare
992 3910 1083 3980 fraus
1100 3916 1209 4008 prima

37 4057 39 4092 a
140 4037 350 4107 necesseran
367 4045 429 4090 nee
450 4021 577 4114 priores
598 4018 644 4089 illi
664 4033 793 4103 tamen,
817 4018 874 4085 sed
897 4019 1064 4113 principes
1080 4025 1208 4114 gentis,

140 4144 170 4201 et
187 4135 351 4218 seniores,
367 4151 547 4224 omnesque
571 4129 605 4197 in
635 4126 755 4219 quibus
777 4149 909 4194 summa
928 4139 1001 4194 erat
1021 4127 1111 4222 apud
1138 4126 1210 4212 illos

958 4256 1004 4332 ,2
