3000 5025
255 481 818 596 ιινναιιειιιιεσιιπουε
847 506 945 575 κιο.
973 452 1061 576 νιι.
1124 501 1193 573 521

119 627 252 726 ψάμμου
271 661 326 721 τε,
347 641 386 720 ὡς
410 635 493 704 κατὰ
511 637 565 705 τὸν
586 638 708 730 χρόνον,
727 629 903 710 ἐπιτηδείου
922 639 982 706 ὑπὸ
996 647 1058 704 τῶν
1084 637 1199 704 ἱππέων

119 739 311 834 εὑρεθέντος,
323 747 387 819 ’ὥςέ
403 745 493 834 μόνον
513 744 584 822 τοὺς
605 739 768 836 ύραχίονάς
783 769 837 828 τε,
856 744 908 812 καὶ
931 750 1002 822 τοὺς
1021 747 1121 835 ὤμους
1138 751 1200 809 τῶν

119 850 258 914 ὁπλιτῶν
277 850 353 942 πρὸς
375 853 413 916 τὸ
435 847 477 917 τά
494 853 576 918 ὅπλα
603 853 699 942 φέρειν
726 851 896 944 ἐλευθέρους
922 852 984 918 ἀπὸ
1009 859 1066 917 τοῦ
1086 842 1201 925 ύδατος

119 953 265 1046 ἀνέχειν,
284 960 301 1022 ὁ
320 958 440 1048 Καῖσαρ
454 1007 463 1038 ,
476 957 549 1035 τοὺς
568 957 678 1034 ἱππέας
692 957 772 1041 ἔνθεν
792 958 843 1024 καὶ
864 957 942 1025 ἔνθεν
965 967 1021 1024 τοῦ
1037 965 1201 1048 ποταμοῦ,

120 1062 200 1151 πρὸς
210 1063 248 1129 τὸ
258 1061 296 1128 τὸ
310 1053 421 1154 ῥοῶδες
436 1067 532 1131 αὐτοῦ
546 1068 691 1157 ῥηγνύειν,
702 1058 900 1146 κατατάξας,
910 1067 982 1142 τούς
993 1091 1027 1132 τε
1039 1061 1201 1154 πολεμίους

120 1165 210 1246 εὐθὺς
229 1163 417 1259 ἐκφοθιίσας,
432 1177 510 1237 σῶον
529 1174 590 1237 πᾶν
609 1173 647 1238 τὸ
670 1169 831 1263 ςροίτευμα
845 1163 1012 1237 διεύίύασε.
1035 1171 1124 1236 Σῖτον
1144 1160 1200 1247 δὲ,

119 1272 175 1340 καὶ
193 1278 290 1349 κπύνη
315 1271 404 1362 ἱκανὰ
427 1277 456 1342 έν
482 1268 546 1355 τοῖς
571 1277 674 1372 ἀγροῖς
694 1273 897 1360 καταλαύὼν,
911 1277 963 1344 καὶ
990 1278 1046 1351 τὴν
1071 1272 1203 1367 ςρατιθιν

119 1381 387 1474 ἐπισιτισάμενος,
402 1381 442 1460 εἰς
455 1386 512 1458 την
526 1391 587 1451 τῶν
607 1385 737 1452 Σενύνων
752 1379 875 1451 ἐνέύαλε
887 1388 1001 1476 χώραν.

178 1487 288 1557 LVII.
307 1485 402 1554 Κατδι
420 1482 455 1556 δὲ
469 1492 541 1568 τοὺς
559 1491 670 1569 αὐτοὺς
688 1491 814 1582 χρόνους
832 1497 849 1558 ὁ
868 1485 1023 1567 Λαίίιηνὸς
1040 1490 1077 1555 τὸ
1094 1485 1128 1554 ἐκ
1146 1497 1203 1563 τῆς

121 1578 252 1672 Ῐταλίας
273 1593 363 1672 νεωςὶ
388 1593 428 1674 εἰς
456 1600 512 1671 τὴν
537 1599 693 1665 Γαλατίαν
710 1598 953 1691 παραγενόμενον
971 1597 1204 1687 ἀναπληρωμα,

121 1701 153 1765 έν
173 1709 214 1795 τῇ
229 1689 390 1795 Ᾰγενδίκῳ
403 1703 511 1788 πόλει,
525 1710 645 1798 φυλακῇ
664 1713 725 1770 τῶν
741 1704 931 1796 σκευοφόρων
954 1708 1080 1784 ἑαυτοῦ,
1101 1727 1204 1767 κατα-

120 1809 246 1890 λιπὼν,
262 1809 354 1883 αὐτὸς
368 1809 512 1902 τέσσαρσι
534 1811 586 1876 σὺν
606 1810 761 1905 τάγμασιν
781 1810 821 1888 είς
836 1813 892 1884 τὴν
916 1808 1099 1890 Λεοκετίαν,
1113 1807 1204 1874 πόλιν

121 1921 187 1980 τῶν
203 1913 378 2006 Παρισίοιν,
392 1917 477 1994 ἐντὸς
495 1928 553 1985 τοῦ
573 1919 702 1994 Σέκανος
723 1927 868 2008 ποταμοῦ
888 1919 918 1982 ἐν
943 1918 1025 2002 νύσῳ
1046 1917 1203 2006 κειμένην,

121 2019 248 2092 ἤλασεν.
265 2021 306 2087 Οἱ
324 2012 359 2086 δὲ
377 2025 518 2114 πολέμιοι
540 2025 596 2096 τὴν
616 2021 728 2090 ἐκείνου
742 2015 853 2113 ἔφοδον
874 2023 1015 2116 γνόντες,
1031 2025 1110 2088 πολὺ
1125 2019 1205 2113 ςρά-

122 2151 226 2218 τενμα
244 2129 278 2194 έιι
295 2137 352 2204 τῆς
368 2122 552 2220 περιοικίδας
572 2133 673 2222 χώρας
693 2130 939 2223 συναγείραντες,
962 2129 1017 2195 τὸν
1037 2131 1203 2219 Καμουλο-

123 2240 207 2327 γῒνσν
236 2236 416 2324 Αύλῆρκον,
436 2234 543 2330 καίπερ
575 2229 636 2310 ἤδη
666 2241 746 2330 γηρρι
778 2236 934 2327 καμόντα,
950 2239 1031 2326 ὅμως
1062 2225 1116 2299 διὰ
1148 2237 1203 2308 τὴν

125 2337 239 2408 ἐκείνου
273 2339 342 2432 περὶ
377 2339 420 2406 τὰ
453 2341 647 2435 ςρατιωτικθι
677 2343 857 2435 ἐμπειρίαν,
885 2344 1045 2435 ςρατηγὸν
1078 2343 1204 2407 πάντων

124 2448 246 2515 ιἰλοντο
273 2455 367 2538 σφῶν.
392 2445 493 2527 Ούτυς
522 2452 575 2542 μὲν
607 2447 657 2517 οὖν
690 2459 801 2540 συνεχῆ
829 2442 904 2517 εἶναι
928 2448 1056 2540 λίμνην,
1084 2447 1124 2525 εἰς
1150 2448 1205 2514 τὸν
1278 2443 1283 2452 ’

125 2555 246 2621 Σέκανα
263 2548 492 2645 ἐμύάλλοοσαν,
507 2555 558 2622 καὶ
575 2558 631 2630 τὴν
653 2555 692 2633 εἰς
716 2558 773 2629 τὴν
791 2566 881 2630 νῆσον
904 2547 977 2623 ὁδὸν
997 2553 1126 2645 ἰσχυρῶς
1149 2557 1203 2646 ἐμ-

123 2651 331 2747 ποδίζουσαν,
354 2662 485 2729 ἐνταῦθα
514 2654 827 2758 ε’ςρατοπεδεύσατο,
854 2662 926 2739 τοὺς
956 2645 1116 2751 δομαίους
1148 2670 1206 2736 τῆς

124 2759 300 2843 διαύάσεως
312 2767 499 2835 ἀποκωλύειν
514 2761 535 2835 δ
537 2777 665 2835 ιανοῶν.Ι

180 2872 308 2943 LVIII.
328 2860 408 2941 ὒδὲ
422 2866 462 2948 δὴ
485 2870 640 2951 Λαύιηνὸς
659 2884 782 2967 πρῶτον
804 2875 856 2966 μὲν
881 2873 1021 2965 μηχανάς
1037 2898 1071 2938 τε
1090 2878 1206 2954 ποιεῖν,

123 2979 178 3048 καὶ
199 2979 342 3072 ἐσχάραις
357 2982 413 3053 τὴν
431 2981 539 3074 λίμνην
556 2987 708 3071 πληροῦν,
726 2983 791 3054 την,
802 3007 837 3047 τε
850 2971 924 3047 ὁδὸν
943 2975 1119 3071 ἀσφαλίζειν
1137 2982 1204 3045 ἐπι-

123 3086 366 3180 χειρησάμενος,
380 3088 487 3155 ἔπειτα
507 3080 541 3153 δὲ
560 3098 654 3155 τοῦτο
674 3079 818 3178 δυσχερὲς
831 3083 906 3153 εἶναι
920 3085 1206 3178 κατανοκσάμενος,

127 3202 199 3289 σιγῇ
218 3196 253 3260 ἐκ
267 3203 323 3259 τοῦ
345 3186 542 3284 ςρατοπέδυυ
558 3188 667 3276 ἐξιὼν,
686 3204 725 3287 τῇ
748 3195 829 3285 αὐτῇ
839 3190 883 3284 ,ᾗ
901 3193 1033 3260 ἐνταῦθα
1050 3192 1206 3284 ἐληλύθει,

128 3292 193 3388 ὀδῷ
208 3299 259 3367 ἐπὶ
280 3302 336 3373 τὴν
356 3292 564 3368 Νοθιύδουνον
583 3301 671 3368 πόλιν
687 3304 836 3393 ὥρμησεν.
857 3293 955 3382 (αὕτη
972 3290 1007 3365 δὲ
1029 3305 1048 3372 ἡ
1068 3299 1156 3376 πολις
1175 3303 1205 3365 ε’ν

126 3408 211 3493 νύσῳ
232 3415 289 3473 τοῦ
307 3408 424 3477 Σεκύνα
443 3418 605 3499 ποταμοῦ,
620 3412 720 3501 ὥσπερ
742 3405 794 3473 καὶ
813 3405 882 3496 περὶ
900 3415 956 3483 τῆς
974 3404 1140 3483 Λεοκετίας
1159 3408 1206 3498 ἐρ’-

128 3512 220 3605 ρέθη,
248 3520 357 3579 κεῖται·
372 3510 384 3598 )
400 3518 475 3581 ὅπου
501 3513 580 3606 ἀμφὶ
602 3511 659 3591 τὰς
688 3515 884 3587 πεντήκοντα
908 3506 1093 3578 καταλαύὼν
1114 3522 1206 3595 ναῦς,

128 3619 214 3697 εὐθύς
229 3644 264 3685 τε
286 3617 381 3697 αὐτὰς
399 3612 557 3702 συζεύξας,
571 3618 622 3685 καὶ
638 3629 820 3711 ςρατιωτῶν
836 3621 1019 3712 πληρώσας,
1034 3627 1096 3684 τῶν
1114 3622 1206 3685 πολι·

127 3734 190 3794 τῶν
211 3734 257 3812 τῷ
276 3724 438 3819 πράγματι
463 3729 567 3813 τούτῳ
589 3720 837 3817 ἐκφούηθέντων,
851 3722 891 3791 ὧν
912 3725 950 3791 τὸ
973 3730 1098 3801 πλεῒςον
1118 3725 1208 3816 μέρος

127 3828 205 3924 πρὸς
231 3833 285 3900 τὸν
309 3834 443 3925 πόλεμον
467 3834 527 3900 ὑπὸ
556 3841 613 3899 τοῦ
639 3834 857 3925 Καμολογένου
880 3830 1131 3924 παρεκλήθησαν,
1150 3833 1207 3903 τήν

127 3940 238 4021 πόλιν,
253 3929 375 4017 οὐδενὸς
401 3943 486 4027 αὐτῷ
520 3939 725 4029 ἀντέχοντος,
756 3933 919 4005 κατελαύε·
954 3941 1023 4012 την
1044 3944 1083 4029 τε,
1106 3934 1207 4036 ὀλίγον

128 4044 258 4140 πρόσθεν
280 4047 339 4113 ὑπὸ
347 4054 420 4113 (τῶν
436 4044 589 4137 πολεμίων
608 4044 829 4117 καταλυθεῖσην
844 4047 974 4137 γέρυραν
985 4042 1207 4124 ἐπισκευάσας,

126 4154 165 4220 τὸ
185 4152 351 4245 ςράτιυμα
369 4144 545 4235 διεύίύασε,
559 4151 610 4221 καὶ
625 4149 706 4219 κατὰ
720 4151 775 4219 τὸν
793 4152 935 4242 ποταμὸν
950 4151 999 4219 ἐπὶ
1017 4153 1074 4224 τὴν
1093 4154 1206 4216 Λευκε-
