3000 5025
325 512 399 603 θύα
624 513 664 584 C.
691 510 835 583 JULII
866 497 1100 581 cAESA'Rls

322 636 445 717 Εδσυέα
455 650 651 743 Δσυμνόρυγα
664 644 824 739 ἔπεμψαν,
840 639 976 740 δεόμενοι
992 650 1086 713 αὐτοῦ
1094 696 1103 729 ,
1116 654 1219 713 ταῦτα
1232 641 1315 738 σφίσι·
1326 666 1391 740 σὐμι

323 757 483 849 πράττειν.
501 740 590 821 ῡδὲ
605 748 779 847 Δούμνσρυξ
794 752 882 832 οὗτος
898 755 972 821 τότε·
996 755 1025 819 ἐν
1048 758 1112 830 τοῖς
1133 753 1274 831 Σικανοῖς
1287 754 1387 839 η’νθει,

322 860 374 927 καὶ
390 850 590 955 δωροδοκίαις
610 852 779 953 ἠυδοκίμει·
794 864 964 952 προσφιλὴς
978 852 1008 927 δ’
1022 852 1053 931 θν
1068 866 1131 937 τοῖς
1147 846 1328 943 Ελύητίοις,
1340 863 1388 927 ἅτε

321 970 503 1061 γεγαμηκὼς
527 970 561 1035 ἐκ
578 976 634 1045 τῆς
655 970 757 1033 αὐτῶν
773 966 889 1045 πόλεως
913 968 1003 1045 σύσης
1029 968 1085 1038 τὴν
1111 976 1168 1033 τοῦ
1183 950 1388 1061 Οργετόρυγος

321 1073 484 1168 θυγατέρα·
497 1074 572 1168 πρὸς
587 1074 709 1151 τούτοις
724 1064 759 1139 δέ
775 1074 826 1140 καὶ
839 1068 1005 1139 όασιλεύειν
1020 1070 1189 1163 ἐπιθυμῶν,
1205 1066 1389 1166 ἐνεωτέριζε,

320 1179 373 1246 καὶ
389 1184 429 1258 ὡς
443 1170 578 1255 ἠδύνατο
597 1180 729 1256 πλείςας
744 1180 848 1257 πόλεις
870 1169 1052 1272 δωροδοκῶν
1068 1177 1258 1271 άναρτάσθαι
1278 1178 1388 1270 ἐπεχεί·

321 1311 373 1379 ρει.
386 1289 496 1372 Τούτῳ
515 1287 568 1377 μὲν
592 1282 643 1352 οὖν
666 1294 712 1371 τῷ
733 1285 897 1381 πράγματι
912 1288 1020 1361 ἐκεῖνος
1041 1286 1238 1377 ἐγχειρησας,
1254 1284 1338 1378 παρά
1358 1307 1388 1351 τι

319 1399 382 1458 τῶν
398 1394 534 1458 Σικανῶν
544 1444 554 1475 ,
566 1382 638 1468 τοὺς
650 1377 823 1469 Ελύητίους
840 1384 894 1459 διὰ
910 1399 965 1467 τῆς
979 1397 1061 1479 σφῶν
1076 1393 1178 1486 χώρας
1197 1390 1388 1482 πορεύσεσθαι

319 1487 529 1591 διεπράξατο,
553 1497 605 1563 καὶ
629 1497 772 1573 ἀλληλοις
801 1501 932 1590 ὁμόρους
954 1486 1076 1562 διδόναι
1097 1497 1276 1569 ἐποιήσατο·
1309 1494 1388 1588 ἐρ’ᾧ

318 1604 348 1671 οἱ
362 1605 416 1697 μὲν
432 1600 558 1671 Σικανοὶ
576 1612 633 1680 τῆς
648 1594 787 1698 παρόδου
803 1604 873 1679 τοὺς
887 1588 1061 1678 Ἑλόητίους
1079 1604 1134 1667 οὐκ
1149 1596 1350 1696 άπείρξουσιν·
1365 1601 1389 1671 οἱ

320 1700 356 1777 δέ
371 1697 522 1784 Ελόότιοι
537 1707 557 1803 ἦ
572 1712 631 1803 μὴν
650 1701 759 1787 σίσινῶς
774 1708 972 1804 πορεύσεσθαι
988 1713 1052 1799 τοῖς
1064 1707 1205 1786 Σικανοῖς
1221 1710 1386 1800 θμόσουσιν.

372 1819 416 1884 Χ.
433 1800 462 1881 ί)
477 1816 531 1908 μὲν
546 1813 596 1883 οὖν
612 1818 734 1909 Καῖσαρ
758 1824 829 1893 τοὺς
845 1800 1016 1892 Ελόητίσυς
1041 1812 1242 1905 ἐνθυμηθῆναι
1263 1806 1318 1881 διὰ
1338 1825 1388 1897 τῆς

232 1959 236 1972 ·
318 1934 380 1989 τῶν
397 1907 537 1989 Σικανῶν
550 1932 607 2017 γῆς
629 1923 669 2002 εἰς
693 1926 750 1996 τὴν
777 1930 839 1987 τῶν
859 1922 1017 1988 Σαντύνων
1042 1920 1220 2014 πορεύεσθαι
1243 1920 1388 2006 ἀκούσας’,

319 2023 424 2113 (αὕτη
448 2022 511 2101 δή
528 2031 614 2122 χώρα
629 2032 663 2094 σθ
680 2024 799 2122 μακρὰν
818 2038 875 2106 τῆς
889 2038 951 2094 τῶν
967 2030 1155 2094 Τολοσατῶν
1170 2028 1288 2107 πόλεως
1306 2031 1335 2094 ἐν
1352 2040 1388 2123 τῇ

317 2144 379 2202 τῶν
403 2119 551 2228 Ῥωμαίων
575 2133 753 2228 ἐπικρατείᾳ
775 2134 882 2216 σόσης,
900 2128 1031 2225 ἀπέχει)
1052 2130 1103 2199 καὶ
1118 2132 1143 2200 εί
1160 2144 1265 2201 ταῦτα
1280 2130 1389 2227 συμόη-

317 2266 423 2324 σεται,
438 2231 637 2307 κινδυνεύσειν
652 2246 754 2307 πᾶσαν
771 2240 826 2308 τὴν
848 2240 996 2333 ἐπαρχίαν
1013 2239 1249 2332 ἐνθυμούμενος,
1264 2240 1290 2307 εί
1307 2232 1389 2308 δυνα-

315 2337 457 2414 τῶτατοί
467 2372 502 2413 τε
515 2346 567 2413 καὶ
580 2346 722 2439 κράτιςοι
734 2338 858 2439 ἄνδρες,
871 2345 1010 2439 καὶπρὸς
1026 2349 1147 2425 τούτοις
1163 2354 1228 2425 τοῖς
1241 2332 1388 2440 Ῥωμαίοις

315 2455 457 2546 πολέμιοι
469 2503 478 2536 ,
492 2455 521 2520 ἐν
545 2454 651 2532 τόποις
672 2454 849 2548 εὐρυτάτσις
865 2478 899 2521 τε
922 2451 973 2520 καὶ
990 2452 1201 2546 ἐνιργοτάτοις
1218 2456 1386 2550 πρόσχωροι

314 2571 371 2639 τῆς
390 2559 584 2654 ἐπικρατείας
601 2562 747 2654 γένοιντο·
764 2570 859 2628 τοῦτο
874 2560 927 2652 μὲν
947 2555 997 2626 οὖν
1017 2558 1252 2651 ἐνθυμούμενος,
1267 2565 1322 2629 τὸν
1339 2563 1385 2654 μὲν

315 2670 452 2762 ὕπαρχον
466 2665 560 2732 Τίτον
576 2661 731 2740 Λαόιηνθν
746 2669 851 2753 τούτῳ
864 2677 912 2732 τῶ
931 2667 1077 2760 ἐρύματι,
1094 2665 1162 2760 περὶ
1182 2663 1216 2734 οὗ
1230 2657 1292 2741 ἤδη
1309 2669 1384 2761 ἐῤῥέ·
1452 2717 1454 2730 ⁴

315 2773 372 2857 θη,
385 2777 544 2851 ἐπέςησεν·
561 2774 654 2851 αὐτὸς
670 2764 705 2839 δὲ
724 2779 764 2850 ὡς
778 2764 911 2848 ἠδυνήθη
929 2772 1047 2864 τάχιςα
1060 2770 1100 2849 είς
1116 2773 1173 2845 τὴν
1190 2757 1317 2841 Ῑταλίαν
1330 2775 1385 2840 άπ-

313 2878 407 2974 άρας,
422 2883 487 2947 ἐκεῖ
498 2904 533 2945 τε
545 2871 601 2945 δύο
615 2880 669 2945 νέα
684 2879 833 2972 παίγματα
845 2872 1052 2960 κατελέξατο,
1066 2876 1118 2944 καὶ
1133 2873 1215 2945 ἄλλα
1229 2879 1303 2974 τρία
1315 2881 1385 2974 πρὸς

311 2995 353 3079 τῇ
369 2974 510 3075 Ᾰκυληΐᾳ
534 2976 807 3078 παραχειμάζοντα
826 2987 860 3052 ἐκ
880 2992 942 3050 τῶν
970 2974 1136 3077 χειμαδίων
1162 2978 1318 3080 ἐξάγαγε,
1339 2985 1385 3052 καί

312 3100 417 3157 ταῦτα
440 3091 531 3157 πέντε
550 3092 643 3182 ἔχων,
661 3087 683 3184 ἦ
697 3081 750 3156 διὰ
765 3097 827 3158 τῶν
847 3079 976 3158 Ᾰλπέων
992 3089 1033 3170 εἰς
1048 3091 1104 3164 τὴν
1119 3092 1213 3184 πέραν
1230 3091 1385 3159 Γαλατίαν

310 3193 347 3269 ἦν
360 3197 585 3289 συντομωτάτη
610 3187 702 3280 ὁδὸς,
716 3199 817 3291 ταύτῃ
834 3197 1005 3291 ἐπορεύετο.
1026 3181 1171 3264 Ἐνταῦθα
1191 3187 1228 3264 δὲ
1252 3201 1325 3276 τούς
1351 3223 1384 3264 τε

309 3303 484 3398 Κεντρόνας
498 3301 550 3371 καὶ
564 3301 635 3382 τοὺς
655 3305 680 3368 Γ
683 3305 859 3398 αροκέλους,
873 3305 945 3384 τούς
960 3328 995 3369 τε
1014 3304 1233 3398 Κατούρυγας,
1247 3301 1290 3371 πθι
1306 3301 1383 3398 άκρα
1450 3311 1452 3314 ’

308 3419 371 3475 τῶν
384 3399 513 3476 Ᾰλπέων
527 3411 762 3502 κατασχόντας,
773 3407 826 3477 καὶ
839 3419 896 3488 τῆς
908 3400 983 3477 ὁδοῦ
995 3409 1050 3474 τὸν
1063 3411 1177 3503 ςρατθν
1192 3412 1384 3477 άποκωλύον-

307 3541 365 3593 τας
379 3515 513 3582 ἐντεῦθεν
530 3515 730 3610 ἀπωσάμενος
749 3521 767 3582 ό
784 3517 906 3610 Καῖσαρ
918 3543 930 3598 ,·
945 3515 1006 3582 ἀπὸ
1022 3523 1079 3592 τῆς
1095 3499 1234 3600 θκελου,
1251 3519 1382 3608 ἐσχάτης

306 3632 362 3699 τῆς
386 3622 437 3689 ἐπὶ
457 3621 571 3714 θάτερα
590 3630 652 3689 τῶν
669 3612 799 3690 Ᾰλπέων
825 3619 981 3700 Γαλατίας
1001 3621 1120 3699 πόλεως
1140 3621 1250 3705 οὔσης,
1267 3622 1306 3700 εἰς
1324 3626 1382 3696 την

304 3737 367 3795 τῶν
389 3727 559 3796 Βοκοντίων
583 3731 685 3821 χώραν
709 3731 739 3796 ἐν
758 3739 796 3822 τῇ
812 3728 906 3822 πέραν
926 3725 1059 3821 ἐπαρχίᾳ
1082 3723 1196 3810 οὖσαν,
1216 3720 1382 3820 ἑβδομαῖος

306 3833 443 3924 άρίκετσ·
465 3833 598 3900 ἐντεῦθεν
619 3826 649 3900 δ’
667 3833 708 3913 είς
721 3837 789 3912 ,τὴν
813 3823 1019 3928 Ᾰλλσόρόγων
1038 3835 1158 3926 χώραν,
1178 3834 1313 3902 κάκεῑθεν
1343 3834 1383 3912 εἰς

304 3941 364 4013 τὴν
385 3947 448 4006 τῶν
463 3941 668 4008 Σεκοοσιανῶν
683 3937 738 4035 ἦγε
754 3942 809 4008 τὸν
822 3941 949 4031 ςρατόν.

357 4047 419 4113 XI.
436 4047 478 4111 Οἱ
496 4038 531 4113 δὲ
550 4034 701 4122 Ελύάτιοι
718 4037 780 4121 ἤδη
806 4038 859 4112 διὰ
877 4055 939 4114 τῶν
964 4055 1020 4124 τῆς
1041 4047 1204 4123 Σικανικῆς
1227 4053 1320 4122 ςινῶν
1341 4045 1383 4124 εἰς

303 4152 359 4224 τθν
384 4162 446 4219 τῶν
468 4139 610 4221 Εδουέων
631 4156 734 4249 χώραν
757 4153 810 4222 τὸν
835 4153 951 4247 ςρατθν
974 4143 1262 4247 διαποριυσάμενοι,
1284 4154 1382 4228 αὐτὴν
1441 4151 1444 4158 ’
