3000 5025
286 492 591 562 INT'ERPRES
619 491 855 560 GRAECUS.
884 492 983 558 LIB.
1012 491 1054 558 V.
1134 484 1211 583 657

146 635 196 702 τῆς
216 627 334 716 φήμης,
349 631 364 692 6
380 625 433 717 μὲν
448 610 648 717 Ῐνδουκιόμαρ
651 650 682 702 ος
701 633 741 719 τῇ
761 623 887 754 ὑςεραίᾳ
909 632 955 710 τῷ
972 630 1029 691 τοῦ
1053 617 1211 695 Λαθιηνοῢ

145 725 343 824 προσθάλλειν
363 723 597 820 διανοούμενός,
618 733 743 808 νυκτὸς
756 723 898 861 άπέδρρι,
923 729 974 797 καὶ
992 733 1030 798 τὸ
1051 729 1212 823 ςράτευμα

144 759 308 966 ρίέτιίγαγεν.
330 822 373 908 (δ
379 829 413 904 δὲ
432 829 471 910 δὴ
490 840 663 930 Καῖσαρ
632 864 684 906 τον
703 832 865 906 Φάόιον
836 863 889 904 συν
904 847 950 924 τῷ
964 837 1104 933 τάγματι
1118 835 1157 914 είς
1173 834 1215 902 τά

142 943 258 1012 ἐκείνου
254 935 412 1036 χειμάδια
425 941 751 1038 άποπεμθάμενος,’
720 946 812 1021 αυτὸς
825 945 878 1012 σὺν
891 943 971 1037 τρισὶ
984 943 1139 1038 τάγμασιν
1154 940 1212 1007 ἀνα

140 1049 211 1142 τρία
232 1042 381 1142 χειμάδια
397 1059 438 1144 τῇ
459 1043 671 1144 Σαμαροθρίνρ
696 1051 785 1118 πόλει
809 1045 1073 1145 παραχειμάζειν,
1095 1047 1215 1116 καθότι

143 1167 291 1224 τοσαῦται
305 1159 335 1223 ἐν
345 1157 545 1251 ,τῇΓαλατίορ
559 1152 798 1232 συνεόεόοίκεσαν
813 1157 1023 1248 καινοτομίαι,
1035 1157 1141 1226 πάντα
1158 1155 1212 1220 τὸν

142 1271 275 1356 χειμῶνα
291 1265 366 1356 πρὸς
383 1273 422 1357 τῇ
442 1267 557 1356 ςρατιᾷ
574 1256 724 1354 διατελεῖν
744 1263 918 1356 ἐνεθυμήθη·
933 1275 989 1342 τῆς
1003 1262 1062 1357 γὰρ
1079 1272 1138 1329 τοῦ
1156 1263 1215 1328 Σα-

144 1364 225 1438 ίίνου
249 1375 405 1462 συμφορᾶς
422 1377 487 1448 τοῖς
508 1369 638 1450 Γάλλοις
661 1363 910 1466 διαγγελθείσιος,
927 1377 1026 1438 πᾶσαι
1048 1359 1158 1461 σχεδὸν
1183 1369 1216 1434 αἱ

82 1530 88 1536 ,
141 1487 195 1556 τῆς
215 1476 371 1554 Γαλατίας
392 1478 494 1554 πόλεις
514 1480 583 1570 περὶ
600 1487 657 1546 τοῦ
674 1481 811 1570 πολέμου
830 1472 1037 1547 ἐθουλεόοντο·
1063 1474 1213 1544 πάντοθεν

142 1585 194 1676 μὲν
214 1580 273 1678 γάρ
287 1585 363 1676 πρὸς
380 1585 451 1662 τοὺς
471 1595 553 1674 σφῶν
572 1579 808 1676 ἐπρεοόεόοντο,
827 1584 878 1652 καὶ
896 1594 961 1662 πῶς
972 1586 1027 1654 τὸ,
1037 1583 1145 1651 λοιπὸν
1164 1606 1215 1647 τε·

139 1693 271 1772 λέσοιεν,
290 1690 379 1757 πόθεν
400 1715 435 1758 τε
449 1701 505 1757 τοῦ
523 1693 658 1783 πολέμου
678 1686 839 1785 ἄρξοιντο,
857 1691 1023 1773 ἐσκόπουν,
1037 1690 1088 1758 καὶ
1101 1714 1222 1755 νυκτε-.

92 1845 97 1852 ·
133 1795 224 1891 -ρινδις
238 1799 268 1863 ἐν
284 1803 351 1875 ταῖς
367 1799 488 1890 ἐρήμοις
504 1792 616 1876 θουλὰς
630 1792 838 1866 ἐόουλεόοντο·
857 1799 913 1875 ὦς’
928 1789 1015 1864 οὐδὲν
1033 1795 1215 1864 παντάπασι

141 1914 198 1972 τοῦ
218 1913 365 1996 χειμῶνος
387 1905 476 2031 μέρος
496 1905 687 1998 άρροντιςῶν
710 1907 867 1998 ὀΚαισαρ
887 1895 1055 1985 διετελεσε,
1070 1899 1140 1970 τινὰ
1157 1904 1219 1968 ἐπι.

142 2009 330 2103 χείρησιν,ἢ
350 2009 401 2076 καὶ
419 2011 597 2103 νεωτέρησιν
618 2019 679 2078 τῶν
701 2009 867 2077 Γάλλων
848 2009 894 2077 αεὶ
913 2010 1041 2076 άκοόοιν
1056 2012 1087 2074 ἐν
1105 2004 1149 2086 οἷς
1166 2009 1219 2075 καὶ

144 2123 161 2184 6
187 2119 324 2194 Μούκιος
348 2101 499 2202 Ρόσκιος,
526 2129 620 2205 τῷτ
601 2108 878 2210 τρισκαιδεκάτῳ
867 2119 919 2183 υπ’
943 2120 1039 2186 αὐτοῦ
1064 2113 1216 2192 ἐπιςαθεὶς

142 2223 306 2350 τάγματι,
329 2224 488 2306 ἐπίςειλε,
513 2224 584 2301 τοὺς
610 2144 716 2317 66666
720 2225 801 2301 ικοὺς
826 2224 1030 2352 καλορμένους
1060 2223 1085 2290 Γ
1087 2221 1217 2302 αλλους,

142 2328 224 2422 μετὰ
244 2335 368 2407 πολλῆς
381 2321 570 2420 δυνάμεως’
558 2331 603 2460 ερ’
625 2334 734 2400 ἑαυτὸν
754 2330 846 2414 ἰέναι,
867 2356 919 2396 και
907 2324 1090 2407 ἑξήκοντα
1110 2326 1219 2394 τεσσά-
1294 2322 1307 2336 ²

143 2462 201 2532 ρων
229 2439 264 2504 οὐ
296 2442 398 2504 πλεῖον
428 2436 634 2529 άπεοχνικέναι
659 2428 800 2523 ςαδίιον,
826 2446 883 2513 τῆς
912 2427 967 2505 δὲ
983 2445 1039 2502 τοῦ
1063 2433 1218 2527 Καίσαρος

144 2535 318 2638 66626'
292 2568 373 2620 εισηε
401 2547 504 2621 αὐτοῖς
531 2540 653 2625 νίκης,
665 2540 887 2635 ἀποχωρῆσαι,
904 2541 957 2612 καὶ
978 2540 1093 2634 ὁμοίαν
1108 2533 1217 2632 σχεδὸν
1245 2594 1248 2599 .

142 2660 241 2745 φυγῆς
261 2652 318 2724 τὴν
339 2648 476 2781 πορείαν
482 2647 676 2723 ποιήσασθαι.

148 2758 291 2827 LIV.
315 2740 400 2821 0
368 2781 420 2847 μεν
445 2751 495 2823 οίιν
522 2756 643 2847 Καῖσαρ
667 2755 739 2833 τοὺς
763 2754 878 2831 ἑκάςης
904 2765 960 2831 τῆς
979 2757 1005 2819 Γ
1006 2752 1183 2832 αλατιας
1161 2782 1218 2846 αρ-

142 2888 257 2957 χοντας
271 2861 449 2935 συνεκάλεσε
462 2862 595 2944 πόλεως,
610 2862 661 2929 καὶ
679 2860 757 2928 ποτὲ
780 2862 833 2953 μὲν
852 2860 978 2939 ἐκείνους
997 2855 1152 2952 ἐκροθῶν,
1165 2859 1220 2927 καὶ

144 2962 307 3049 είδέναι,όι
326 2969 592 3061 Ιοςοιοῦσι,λέγων,
606 2968 684 3035 ποτὲ
698 2958 740 3037 δὲ
760 2966 812 3035 καὶ
835 2977 1010 3059 παραινῶν,
1033 2969 1070 3034 τὸ
1092 2974 1217 3044 πλεῖςον

146 3086 203 3153 τῆς
217 3073 373 3151 Γαλατίας
388 3076 417 3143 ἐν
432 3085 478 3164 τῷ
493 3065 595 3141 δέοντι
609 3075 768 3166 συνίσχεν.-
777 3074 818 3139 Οἱ
833 3076 953 3151 Σίνονες
964 3064 998 3139 δ’
1017 3079 1099 3167 ὅμως
1112 3069 1217 3157 (πόλις

145 3174 175 3257 δ’
186 3180 239 3259 .ἐςὶ
257 3179 382 3248 πάντων
403 3191 464 3253 τῶν
481 3190 546 3257 ,τῆς
568 3184 716 3276 Βελγικῆς
742 3178 957 3273 ίσχυρωτάτκ,
974 3180 1025 3247 καὶ
1045 3176 1172 3274 μεγίςην
1187 3182 1216 3245 ἐν

111 3279 115 3286 “
144 3295 211 3365 τοῖς
230 3286 361 3363 Γάλλους
384 3290 496 3379 ἔχουσα
512 3279 641 3378 δύναμιν
655 3284 667 3372 )
682 3288 735 3355 τὸν
761 3288 815 3379 μὲν
830 3280 1022 3379 Καραθῒνον,
1037 3284 1070 3353 θν
1089 3281 1218 3351 όασιλέα

146 3400 281 3472 αὐτοῒςό
299 3395 420 3486 Καῖσαρ
445 3394 573 3487 πρόσθεν
589 3395 755 3477 ἐπίςησεν,
769 3391 805 3461 οὗ
822 3420 857 3461 τε
873 3399 897 3460 ¹6
914 3384 1063 3484 ἀδελφὸς,
1083 3394 1130 3459 ὅτ’
1146 3392 1217 3482 άφί-

146 3526 219 3572 κετο
238 3504 273 3566 ἐν
294 3510 334 3593 τῇ
355 3500 533 3591 Γαλατίᾳό
556 3502 700 3595 Καῖσαρ,
720 3499 773 3567 καὶ
795 3499 922 3593 πρόσθεν
943 3500 971 3567 66
991 3501 1134 3593 πρόγονοι
1155 3509 1217 3576 ,τῆς

146 3608 264 3685 πόλεως
292 3600 564 3691 θεθασιλεόκεσαν,
588 3600 790 3678 ἀποκτείνειν,
807 3605 1015 3700 ἐπεχείρησαν·
1044 3604 1156 3673 ἐκείνου
1183 3596 1218 3671 δὲ

147 3716 204 3788 τὴν
221 3706 383 3787 ἐπιόουλὴν
399 3712 656 3807 προαισθομένου,
670 3712 721 3779 καὶ
735 3714 947 3807 ἀποφυγόντος
958 3765 968 3797 ,
981 3716 1037 3793 ἕως
1053 3719 1115 3782 τῶν
1129 3709 1216 3805 ὁρίων
1256 3747 1257 3750 ¹

148 3811 355 3904 κατεδίωξαν,
369 3830 428 3898 τῆς
439 3846 473 3893 τε
488 3814 642 3897 θασιλείας
660 3817 711 3886 καὶ
729 3830 786 3899 τῆς
803 3824 906 3912 χώρας
923 3820 1096 3893 άπηλασαν·
1111 3820 1219 3885 ἔπειτα

147 3918 183 3992 δὲ
208 3920 349 4018 πρίσόεις
372 3927 427 4019 μὲν,
451 3928 528 4017 πρὸς
551 3927 605 3992 τὸν
629 3924 774 4018 Καίσαρα
795 3935 852 3993 τοῦ
878 3918 1006 4009 ἐκδικεῖν
1027 3929 1113 4012 αὐτῷ
1131 3927 1218 3991 ἕνεκα
1249 3974 1252 3980 ,

148 4028 299 4125 ἔπεμψαν·
315 4032 428 4101 ἐκείνου
452 4024 487 4102 δὲ
509 4038 610 4105 πᾶσαν
638 4034 693 4105 τὴν
713 4037 814 4109 αὐτῶν
832 4035 1005 4126 σύγκλητον
1020 4034 1094 4125 πρὸς
1109 4032 1219 4099 ἑαυτὸν

150 4137 235 4207 ίέναι,
253 4138 580 4233 ἐπαγγείλαντος,οὐχ
599 4142 785 4213 ὑπείκουσαν.
806 4144 946 4207 Τοσοῦτο
962 4131 997 4207 δὲ
1006 4140 1087 4239 πρὸς
1105 4130 1220 4231 ἄνδρας
1257 4229 1259 4232 v
