3000 5025
276 442 351 524 ηεη
572 436 611 507 c.
640 436 786 503 JUL11
813 385 1052 503 cAEsAms

275 576 345 639 σθαι
359 577 398 647 ὡς
413 568 548 661 τάχιςα,
560 567 612 635 καὶ
632 568 741 639 ἑαυτὸν
755 570 956 661 παρήγγειλεν
972 564 1106 632 ἕπεσθαι·
1128 561 1230 657 ὀλίγον
1246 553 1277 628 δ’
1292 564 1357 630 ἀπὸ

276 686 338 748 τοῦ,
351 666 546 769 ςρατοπέδου
558 674 711 767 προελθὼν
723 724 732 755 ,
744 664 868 741 κατεῖδε
878 674 950 750 τοὺς
961 672 1014 762 μὲν
1028 656 1188 763 ῥωμαίους
1201 669 1355 738 πάντοθεν

278 784 407 877 ἰσχυρῶς
422 783 482 851 ὑπὸ
501 790 563 849 τῶν
583 780 736 873 πολεμίων
757 768 971 873 πιεζομένους,
984 778 1036 845 καὶ
1055 778 1142 871 μόγις
1161 778 1219 849 τὴν
1234 776 1355 844 ἐκείνων

276 892 371 983 ὁρμὴν
390 887 549 979 ἀνέχεσθαι
569 878 765 978 δυναμένους·
789 889 861 965 τοὺς
881 878 916 953 δὲ
938 880 1112 978 βαρύάρους
1130 883 1171 961 είς
1190 884 1228 950 τὸ
1247 882 1357 977 τάγμα

277 994 472 1087 συσπειραθὲν
497 988 571 1067 &em
596 993 746 1062 πάντοθεν
768 993 901 1086 θρασέως
927 992 1057 1083 ἀφιέναι.
1081 978 1201 1064 Επειδὴ
1221 991 1355 1085 μὲνγὰρ

277 1108 338 1180 πᾶς
362 1108 378 1169 ὁ
405 1096 498 1180 ἀλλος
522 1110 607 1179 σῖτος
629 1102 689 1169 ὑπὸ
709 1108 772 1167 τῶν
790 1086 941 1191 θ’)ωμαίων
958 1090 1017 1173 ἤδη
1036 1097 1196 1190 τεθέριςο,
1215 1099 1308 1190 μέρος
1326 1090 1356 1164 δ’

277 1212 324 1277 ἔτι
343 1218 438 1276 τοῦτο
458 1212 684 1290 ὑπελέλειπτο,
704 1205 836 1273 ἐνταῦθα
864 1217 905 1300 τῇ
931 1204 1059 1301 ύςεραίορ
1085 1203 1261 1271 ελεύσεσθαι
1285 1207 1356 1283 τοὺς

276 1302 437 1407 Ῥωμαίους
462 1317 716 1392 ὑποτοπήσαντες
743 1314 772 1381 οἱ
795 1306 961 1407 ύάρύαροι,
984 1314 1040 1385 τὴν
1067 1312 1121 1404 μὲν
1143 1312 1244 1397 νύκτρι
1265 1313 1298 1376 ἐν
1317 1337 1356 1384 τη

278 1420 406 1495 πλησίον
426 1419 507 1513 νάπγ
532 1414 713 1513 ἐκρίθησαν.
735 1421 818 1486 Τότε
838 1412 873 1485 δὲ
893 1421 941 1485 ἐπ’
963 1419 1074 1496 αὐτοὺς
1094 1410 1355 1511 διεσπαρμένους,

279 1527 330 1596 καὶ
349 1525 391 1593 τὰ
410 1528 492 1594 ὅπλα
511 1526 755 1619 καταθεμένους,
774 1525 845 1617 περί
862 1551 896 1591 τε
915 1526 970 1591 τὸν
996 1524 1136 1618 θερισμὸν
1163 1526 1356 1617 ἀσχολουμέ-

278 1660 365 1716 νους,
384 1626 524 1723 ἐξαίφνης
544 1635 751 1726 ὁρμύσαντες,
770 1632 823 1699 καὶ
840 1631 960 1725 ὀλίγους
979 1657 1065 1709 τινας
1084 1632 1186 1697 αὐτῶν
1207 1629 1356 1698 ἀποκτεί-

278 1766 402 1820 ναντες,
426 1740 498 1816 τοὺς
514 1740 640 1816 λοιποὺς
660 1732 829 1833 ἐτάραξαν,
852 1737 904 1806 καὶ
931 1738 1070 1806 ἱππεῦσιν
1089 1736 1142 1803 καὶ
1167 1728 1355 1830 ἐσσεδαρίοις

281 1846 430 1915 πάντοθεν
440 1846 636 1938 περιέςησαν.

290 1973 293 1980 ·
332 1954 499 2021 ΧΧΧΙΙΙ.
515 1936 544 2017 Ο
564 1942 599 2017 δὲ
618 1961 674 2028 τῆς
689 1952 751 2019 ἀπὸ
765 1954 885 2019 τούτων
900 1962 962 2018 τῶν
977 1942 1109 2017 ἐσσέδων
1123 1949 1227 2044 μάχης
1241 1952 1356 2044 τρύπος
1408 1970 1411 1975 ’

280 2068 422 2135 τοιοῦτος
446 2057 504 2135 ἐςί·
526 2064 649 2152 πρῶτον
676 2058 730 2143 μὲν
762 2057 912 2125 πάντοθεν
940 2061 1191 2150 περιϊππεύουσι,
1208 2057 1263 2125 καὶ
1280 2052 1354 2131 ἕέλη

281 2166 405 2255 ἀφιᾶσι,
419 2173 460 2256 τῇ
479 2189 514 2229 τε
533 2164 596 2231 ἀπὸ
615 2171 676 2229 τῶν
696 2164 799 2231 ἵππων
818 2163 928 2258 φρίκρ,
940 2164 994 2232 καὶ
1007 2177 1053 2254 τῷ
1071 2174 1134 2232 τῶν
1150 2172 1274 2259 τροχῶν
1290 2167 1357 2231 κτύ-

282 2298 332 2357 πιρ
351 2270 499 2347 πολλάκις
518 2267 576 2347 τὰς
595 2263 697 2347 τάξεις
709 2270 935 2363 ταράττουσιν·
951 2271 992 2349 εἰς
1011 2272 1128 2339 ἱππέων
1147 2264 1184 2338 δὲ
1202 2270 1282 2361 ςίφη
1303 2275 1355 2364 ἐμ-

282 2372 454 2459 ύαλύντες,
479 2374 566 2443 αὐτοὶ
584 2376 645 2468 ,μὲν
663 2376 736 2443 ,ἀπύ
748 2434 750 2441 ,
763 2402 799 2443 τε
822 2388 884 2443 τῶν
904 2370 1035 2445 ἐσσέδων
1051 2370 1289 2461 καταπειθῶσι,
1307 2378 1356 2445 καὶ

282 2477 370 2562 πεζοὶ
388 2482 553 2576 μάχονται.
575 2482 616 2550 Οἱ
635 2475 671 2550 δὲ
688 2482 806 2576 ἡνίοχοι
825 2486 854 2552 ἐν
874 2486 977 2572 τούτῳ
992 2484 1098 2581 ὀλίγον
1116 2483 1157 2554 ’ἐκ
1176 2495 1234 2562 τῆς
1255 2485 1355 2580 μάχης

257 2577 400 2673 ’ἐξιεῖσα
418 2591 469 2656 καὶ
488 2593 586 2668 ούτως
606 2587 647 2656 τά
666 2591 793 2684 οίρματα
817 2583 1054 2677 διατάττουσιν,
1067 2596 1148 2680 ὥςε,
1163 2592 1197 2659 ,εἰ
1216 2593 1284 2662 ἀπὸ
1302 2603 1357 2660 τοῦ

282 2706 345 2764 τῶν
364 2695 517 2788 πολεμίων
542 2695 675 2775 πληθους
695 2697 723 2766 οἱ
742 2699 912 2790 μαχόμενοι
934 2693 1106 2783 πιέζοιντο,
1124 2701 1248 2790 ταχέως
1265 2697 1355 2767 παλιν

280 2801 333 2869 ἐπὶ
351 2800 535 2896 σάιάρματα
557 2804 726 2899 ἀναχωρεῖν
746 2795 903 2895 δύνασθαι.
923 2807 1019 2873 Οὕτω
1037 2807 1099 2888 τύ,
1116 2831 1152 2872 τε
1170 2806 1289 2896 ἱππέωγ
1308 2810 1355 2874 εύ-

279 2907 428 2991 κίνητον,
446 2908 499 2976 καὶ
516 2911 554 2976 τὸ
571 2903 669 2988 πεζῶν
689 2909 821 3003 ςάσιμον
841 2914 876 2977 ἐν
892 2917 962 2990 ταῖς
981 2911 1115 3005 μάχαις,
1126 2918 1204 2980 ὅταν
1218 2912 1355 2998 θέλωσιν,

284 3016 397 3106 ἔχουσι·
420 3014 472 3080 καὶ
497 3016 628 3110 τῇκαθ
646 3019 760 3109 η’μέραν
780 3018 906 3094 ἀσκήσει
925 3017 1024 3096 οὕτως
1040 3013 1210 3102 ἐθίζονται,
1226 3025 1291 3098 ὥςε
1307 3019 1355 3087 καὶ

284 3123 314 3188 ἐν
332 3128 528 3214 καταπρανεῒ
542 3131 582 3216 τῇ
605 3125 769 3214 χώρᾳτὴν
789 3134 852 3190 τῶν
870 3127 973 3192 ἵππων
992 3129 1087 3223 θρμὴν
1107 3127 1293 3217 ἀνέχονται,
1308 3125 1356 3193 καὶ

286 3227 358 3304 τοὺς
375 3227 487 3305 ἵππους
506 3224 717 3321 μετριάζουσι,
732 3230 784 3296 καὶ
798 3231 995 3322 κάμπτουσιν
1007 3231 1089 3299 ὅπου
1107 3228 1142 3298 ἀν
1160 3233 1294 3317 θέλωσι,
1307 3233 1355 3300 καὶ

285 3334 404 3423 ταχέως
419 3324 473 3400 διὰ
483 3343 540 3401 τοῦ
555 3341 650 3428 ῥυμοῦ
664 3339 880 3429 τρέχουσιν,έν
888 3362 923 3403 τε
937 3332 1075 3433 τῷζυγῷ
1087 3343 1203 3433 ςερρῦς
1215 3340 1355 3420 ἴςανται,

284 3439 336 3506 καὶ
346 3439 486 3506 ,ἐντεῦθεν
504 3431 617 3532 ῥᾳδίως
637 3442 682 3520 εἰς.
696 3443 735 3508 τὸ
756 3443 840 3536 ἀρμα
858 3447 1118 3538 ἐπαναχωροῦσιν.

281 3589 287 3596 -
337 3547 501 3630 XXXIV.
518 3531 587 3627 έθςε
604 3557 650 3635 τῷ
663 3556 760 3636 καινῷ
772 3543 878 3637 τούτῳ
896 3552 998 3643 μάχης
1021 3544 1097 3622 εἴδει
1119 3555 1354 3647 τεταραγμένοις

283 3659 348 3745 ,τοῦς
363 3657 476 3720 ἑαυτοῦ
482 3705 491 3737 ,
509 3657 539 3720 έν
566 3662 661 3747 καιρῷ
679 3661 696 3722 ὁ
717 3658 839 3750 ΙΚαῖσαρ
864 3653 1021 3731 ἐύούθησε·
1041 3669 1083 3752 τῇ
1105 3657 1160 3751 μθν
1176 3656 1241 3753 ,γὰρ
1263 3664 1354 3744 αύτοῦ

284 3751 383 3847 ἀφίξει
401 3761 431 3826 οἵ
447 3785 483 3830 τε
500 3762 642 3853 πολέμιοι
655 3762 788 3844 ἕςησαν,
802 3765 854 3838 καὶ
868 3765 898 3831 οἱ
911 3749 1119 3856 Ῥωμαῖοισοῦ
1129 3761 1231 3856 φύύου
1246 3771 1353 3832 ἑαυτοῦ

284 3859 444 3932 ἀνελαύον.
463 3870 591 3934 Τούτων
611 3859 647 3936 δὲ
661 3869 878 3962 πραχθέντων,
893 3875 927 3940 οὐ
940 3872 1045 3965 καιρὸν
1060 3868 1135 3943 εἶναι
1149 3865 1206 3939 τὀῦ
1224 3875 1283 3940 τὸν
1297 3897 1351 3938 πο·

281 3973 385 4061 λέμιυν
395 3971 617 4066 ’προκαλεῖσθαι
634 3970 768 4069 νομίζων
785 3979 958 4071 ύΚαῖσαρ,
967 3974 1103 4072 ,μέτριον
1117 3975 1188 4044 τινὰ
1202 3982 1309 4074 χρόνον
1323 3979 1349 4042 ἐν

284 4084 330 4164 τῷ
353 4069 451 4167 πεδίῳ
472 4079 592 4172 μείνας,
611 4080 653 4150 τὰ
670 4083 831 4178 τάγματα
851 4084 904 4161 ἐπὶ
920 4085 959 4153 τὸ
976 4073 1178 4178 »ςρατύπεδον
1196 4087 1346 4180 ἀπάγαγε.
