3000 5025
328 489 399 562 512
455 477 457 481 ’
594 495 661 562 ’ω
689 494 837 562 τυοεε
864 495 1102 563 σεσώκατε

304 654 307 660 ·
323 627 434 714 πόλιν,
451 627 562 710 αὐτὸν,
581 624 640 703 οὒς
654 627 739 693 κατὰ
761 629 798 694 τὸ
821 638 879 694 τοῦ
900 631 1037 720 πολέμου
1055 620 1174 696 δίκαιον
1191 630 1387 712 ἀποκτείνειν,

324 731 349 798 εί
370 727 536 816 έύουληθη,
559 725 714 819 ἠδύνατο,
737 737 867 815 τούτους
893 744 933 827 τῇ
960 740 1071 802 ἑαυτοῦ
1097 735 1204 827 χάριτι
1224 729 1388 820 διασῶσαι,

324 833 522 917 δηλώσοντας
550 836 774 932 πεμψάμενος,
796 849 876 931 τρεῖς
905 867 940 908 τε
971 847 1072 935 ὥρας,
1094 844 1170 935 πρὸς
1198 845 1237 910 τὸ
1273 846 1387 921 ἑαυτοὺς

322 957 379 1024 τῆς
400 936 475 1014 ὁδοῦ
495 942 681 1039 ἀναψύχειν,
701 955 767 1025 τοῖς
791 951 980 1041 ςρατιώταις
1001 953 1217 1043 συγχωρήσας,
1240 952 1314 1041 πρὸς
1338 956 1387 1025 την

286 1049 291 1060 ’
323 1048 489 1146 Γεργούίαν
513 1046 874 1146 μετεςρατοπεδεύσατο.
901 1058 1015 1132 Αύτοῒς
1040 1048 1071 1120 δ’
1090 1056 1137 1121 ἔτι
1160 1059 1191 1121 ἐν
1214 1048 1280 1144 ὁδῷ
1299 1055 1386 1139 οὖσιν,

323 1159 423 1238 ἱππεῖς
437 1158 522 1252 παρὰ
539 1170 595 1226 τοῦ
612 1155 747 1246 Φαόίου,
760 1162 820 1228 ὑπὸ
834 1170 891 1228 τοῦ
905 1161 1063 1254 Καίσαρος
1080 1163 1129 1229 ἐπὶ
1149 1171 1195 1248 τῷ
1209 1156 1385 1257 ςρατοπέδφ

323 1265 594 1357 καταλειφθέντος,
611 1267 817 1360 ἐπέμφθησαν·
838 1264 867 1334 οἳ
887 1268 955 1334 καθ’
977 1259 1048 1335 όδὸν
1076 1271 1272 1360 ἐντυχόντες,
1290 1274 1319 1335 ἐν
1340 1272 1383 1354 οἵῳ

321 1374 440 1467 ἐγένετο
461 1364 591 1458 κινδύνῳ
615 1379 631 1440 ό
653 1369 785 1457 Φάύιος,
800 1375 1045 1469 ἀπαγγελλουσι,
1061 1377 1203 1470 λέγοντες
1224 1377 1278 1441 σὺν
1296 1383 1382 1468 πολλῇ

322 1484 438 1572 ςρατιᾷ
451 1481 523 1558 τοὺς
545 1480 702 1565 Γάλλους,
717 1481 852 1558 ἀπόντος
871 1490 928 1548 τοῦ
948 1481 1121 1573 Καίσαρος,
1143 1479 1188 1567 τῷ
1210 1475 1374 1575 ςρατοπέδΙ

320 1581 515 1679 προσύαλεῒν·
531 1587 583 1653 καὶ
601 1586 721 1664 ἐκείνοις
744 1589 814 1678 μὲν,
828 1592 881 1654 ὅτε
900 1588 1060 1671 κάμνοιεν,
1076 1587 1121 1655 ἀεὶ
1139 1587 1286 1682 ἀκεραίων
1306 1614 1383 1683 προσ·

300 1696 510 1786 -ερχομένων,
532 1705 594 1760 τῶν
618 1679 828 1786 δὲθωμαίων
854 1685 1048 1761 ἀδιαλείπτω
1075 1696 1160 1782 πόνῳ
1188 1694 1381 1790 ἀπαγορευόν-

320 1824 398 1885 των,
413 1803 462 1867 ότι
482 1790 535 1866 διὰ
554 1801 592 1867 τὸ
614 1810 671 1867 τοῦ
690 1791 887 1892 ςρατοπέδου
909 1801 1034 1895 μέγεθος
1048 1793 1111 1868 ἔδει
1130 1803 1177 1868 ἀεὶ
1195 1805 1267 1880 τοὺς
1285 1803 1379 1878 αὐτούς

319 1909 351 1972 έν
365 1918 411 1994 τῷ
431 1911 515 1994 αύτῷ
529 1908 618 1993 τόπῳ
636 1910 828 2000 καταμένειν
845 1899 898 1974 διὰ
915 1917 1011 1975 τοῦτο
1032 1910 1086 2000 μὲν
1107 1905 1158 1975 οὖν
1182 1911 1312 1986 πολλοὺς
1329 1916 1378 1973 τών

319 1997 469 2103 ῥωμαίων
493 2007 593 2079 ύελεσι
608 2013 771 2107 τρωθῆναι·
786 2013 836 2080 καὶ
857 2012 914 2092 τὰς
929 2015 983 2105 μὲν
1004 2012 1143 2108 μηχανὰς
1161 2017 1237 2108 πρὸς
1256 2019 1377 2090 τὴντῶν

320 2118 473 2211 πολεμίων
493 2119 644 2214 ἀπείργειν
664 2123 760 2213 ὁρμὴν
782 2123 860 2215 μέγα
877 2123 978 2214 ταύτῃ
999 2132 1040 2216 τῇ
1057 2124 1157 2214 η’μέρᾳ
1175 2117 1378 2214 συμύαλέσθαι·

319 2226 373 2291 τὸν
392 2217 427 2292 δὲ
445 2220 583 2309 Φάύιον,
599 2235 660 2292 τῶν
679 2228 834 2313 πολεμίων
850 2228 1134 2320 ἀναχωρησάντων,
1148 2228 1252 2306 πάσας
1266 2226 1319 2306 τὰς
1333 2233 1378 2292 τοῦ

319 2323 515 2424 ςρατοπέδου
531 2324 646 2415 πύλας,
661 2336 740 2406 πλὴν
757 2326 857 2417 δυοῖν,
872 2328 1087 2426 καταφράξαι,
1102 2334 1154 2400 καὶ
1171 2337 1209 2402 τὸ
1223 2335 1379 2427 χαράκωμα

319 2442 605 2533 καταςεγώσανπα,
623 2441 698 2534 πρὸς
712 2442 750 2506 τὸ
771 2440 848 2508 αὐτὸ
869 2439 910 2519 είς
924 2443 980 2515 τήν
1003 2443 1147 2508 ἐπιοῦσαν
1165 2444 1280 2534 ἡμέραν
1298 2465 1380 2532 παρα-

319 2540 526 2625 σκευάζεσθαι.
542 2550 654 2613 Ταῦτα
668 2549 721 2640 μὲν
737 2545 788 2615 οὖν
803 2553 819 2614 ὁ
834 2551 956 2640 Καῖσαρ
971 2548 1121 2631 ἀκούσας,
1136 2549 1189 2615 σὺν
1204 2554 1303 2642 πολλῇ
1316 2573 1381 2641 προ-

320 2651 412 2744 θυμίᾳ
430 2661 491 2720 τῶν
512 2664 713 2751 ςρατιωτῶν,
733 2656 794 2757 ὑπὸ
815 2657 870 2727 τὴν
894 2657 933 2719 έω
950 2656 1025 2747 πρὸς
1045 2658 1083 2721 τὸ
1102 2647 1297 2748 ςροιτόπεδον
1316 2680 1382 2746 παρ·

317 2762 446 2853 εγένετο.

372 2868 483 2933 XLII.
498 2852 541 2932 Ev
561 2869 664 2954 τούτῳ
683 2858 756 2934 δὀἱ
778 2852 905 2945 Εδουεῒς
929 2878 990 2945 τῆς
1002 2871 1128 2960 πρώτης
1150 2877 1207 2935 τοῦ
1225 2862 1384 2934 Λιταύίκου

320 2972 463 3066 ἀγγελίας
494 2974 692 3057 ἀκούσαντες,
717 2977 772 3051 έως
801 2972 835 3040 οὗ
865 2974 921 3045 τὴν
950 2984 1007 3041 τοῦ
1037 2975 1223 3069 πράγματος
1253 2974 1384 3049 ἀληθειαν

318 3082 473 3173 γινώσκειν
490 3070 652 3164 δύναιντο,
667 3084 721 3147 οὐκ
739 3081 907 3171 ἀνέμειναν·
923 3080 992 3148 ἀλλ’
1007 3081 1035 3147 οἱ
1050 3082 1104 3174 μὲν
1117 3082 1286 3173 χρημάτων
1301 3082 1388 3154 ἀπλη-

319 3184 391 3276 ςίρι,
414 3186 441 3252 οἱ
461 3178 700 3279 δὲ’θρασύτητι,
718 3188 745 3254 οἱ
767 3179 802 3253 δὲ
826 3185 877 3253 καὶ
896 3196 936 3278 τῇ
965 3183 1043 3280 ἀγαν
1069 3189 1145 3280 πρὸς
1172 3189 1209 3254 τὸ
1230 3187 1387 3255 πάντατὰ

315 3294 468 3386 λεγόμενα
488 3296 621 3370 πιςεύειν
643 3293 831 3385 προπετείᾳ,
852 3297 919 3371 ἥτις
948 3295 1067 3386 μάλιςα
1091 3301 1156 3371 τοῖς
1182 3293 1311 3372 Γοίλλοις
1338 3298 1387 3387 ἐμ-

320 3402 438 3489 φύεται·
453 3404 529 3466 πάσι
542 3398 600 3494 γὰρ
616 3397 658 3477 οἷς
673 3402 845 3482 ἀκούουσιν,
855 3404 954 3492 ὥσπερ
970 3401 1060 3467 αὐτοὶ
1073 3392 1210 3483 ἰδόντες,
1224 3403 1386 3479 πιςεύουσι·

320 3508 443 3585 τούτοις
464 3507 517 3597 μὲν
538 3504 588 3573 οὖν
613 3511 704 3573 πᾶσιν
725 3506 922 3596 ἐπαρθέντες,
943 3503 984 3574 τὰ
1007 3514 1069 3573 τῶν
1093 3507 1227 3573 ἐνταῦθα
1244 3493 1388 3599 ῥωμαίων

320 3616 469 3705 χρηματα
482 3605 701 3706 διαρπάζουσι,
715 3614 824 3703 φόνους
843 3622 997 3697 ποιοῦσιν,
1012 3613 1141 3691 ἐκείνους
1155 3605 1389 3706 ἀνδραποδίζου

320 3744 378 3785 σιν.
406 3721 509 3797 Αὐτὸς
533 3710 567 3786 δὲ
590 3712 628 3793 δὴ
658 3714 988 3812 όΚομύικτολιτάνης
1013 3722 1051 3787 τὸ
1077 3719 1208 3814 πρᾶγμά
1234 3747 1270 3787 τε
1294 3714 1388 3803 ηύξει,
1482 3709 1483 3728 δ

320 3826 372 3893 καὶ
400 3828 454 3893 τὸν
483 3816 579 3919 δῆμον
608 3827 813 3920 ἐφλέγμηνεν,
837 3827 887 3892 ’ίνα
913 3816 1034 3920 μεγάλα
1065 3826 1105 3904 εἰς
1138 3826 1210 3904 τοὺς
1236 3812 1387 3918 Ῥωμαίους
1482 3871 1483 3884 ι

322 3934 530 4025 ἁμαρτόντες,
551 3936 658 4001 ἔπειτα
683 3943 753 4017 τοῦΙ
768 3940 929 4024 σωφρονεῖν
958 3930 1163 4023 αἰσχύνοιντο.
1181 3935 1244 3999 Τὸν
1264 3935 1317 4025 μὲν
1342 3930 1388 3999 οὖν

321 4042 436 4133 μοίρκον
455 4028 581 4137 ΙᾸρίςιον
609 4040 805 4133 Μυρίαρχον,
829 4039 905 4131 πρὸς
923 4040 961 4106 τὸ
984 4045 1079 4105 αὑτοῦ
1097 4038 1210 4133 τάγμα
1228 4039 1388 4133 πορευόμε-

320 4170 388 4227 νον,
403 4142 481 4223 πιςέι
500 4146 605 4231 ἐκείνῳΙ
621 4138 744 4229 δόντες,
758 4149 793 4211 ἐκ
810 4155 866 4222 τῆς
884 4148 1083 4230 Καβιλαύνου
1102 4139 1244 4240 ἐξάγουσι
1261 4147 1389 4225 πόλεως,
