3000 5025
299 500 369 572 DE
397 502 525 575 VITA
552 504 699 574 JULII
726 506 974 580 CAESARIS.
1112 536 1183 584 211

116 636 262 707 omnium
291 636 414 704 civium
436 638 638 724 reverentia,
657 652 750 707 tanto
777 639 924 728 honore,
941 645 1036 737 quasi
1056 671 1126 715 non
1148 649 1192 718 ad

115 740 316 829 domandos,
336 740 393 811 sed
415 740 457 810 ad
479 740 668 817 liberandos
691 744 896 817 advenisset:
913 750 959 818 sic
980 750 1117 844 abjectis
1138 780 1191 826 ar·

114 854 188 940 mis,
205 864 241 918 et
256 848 292 917 id
307 872 412 943 genus
425 849 525 918 vestis
539 849 661 938 induti,
676 876 741 945 qua
757 850 890 947 placare
904 856 1006 926 iratos
1020 858 1192 953 dominos,

114 958 309 1053 precarique
323 958 454 1029 veniam
470 954 639 1044 solebant,
658 972 691 1026 et
713 958 857 1029 ferentes
875 984 985 1050 sacra,
1003 969 1097 1059 quasi
1114 971 1191 1040 Deo

114 1067 257 1160 cuipiam
280 1062 415 1132 obviam
439 1064 577 1157 egressi,
599 1088 698 1159 seque
722 1080 756 1134 et
779 1090 857 1155 sua,
875 1067 1062 1164 urbemque
1083 1074 1191 1167 ipsam

112 1176 139 1241 ei
154 1168 327 1266 supplices
341 1168 516 1239 dedidere:
530 1182 625 1239 tanto
641 1196 778 1240 suorum
798 1173 937 1268 gaudio,
954 1175 1074 1246 ducem
1093 1205 1191 1251 suum

113 1294 197 1348 etot
218 1276 347 1347 insidiis
368 1278 533 1371 tantisque
551 1276 706 1371 periculis
728 1304 806 1347 cum
825 1279 931 1350 salute
948 1294 982 1350 et
999 1281 1103 1378 gloria
1119 1306 1192 1356 eva-

113 1388 187 1455 sisse
218 1383 446 1471 cernentium,
467 1398 505 1451 ut
528 1383 676 1478 undique
702 1385 908 1456 cumulatum
935 1388 1005 1458 dies
1029 1390 1084 1459 ille
1108 1416 1192 1486 prae·

113 1493 315 1561 stantissimo
332 1491 525 1585 imperatori
539 1488 686 1560 fructum
700 1494 832 1562 virtutis
844 1492 994 1565 attulisse
1007 1497 1191 1571 videretur:

113 1612 180 1668 tum
193 1598 240 1667 de
260 1622 366 1693 regno
384 1596 561 1691 disposuit,
577 1598 770 1693 veritusque
783 1596 865 1668 illud
880 1603 914 1669 in
929 1604 1109 1696 provinciae
1125 1605 1193 1676 for·

113 1730 200 1775 marn
223 1705 393 1799 redigere,
410 1728 454 1771 ne
479 1704 614 1799 quando
636 1704 722 1773 forte
746 1721 885 1800 propter
909 1707 1112 1802 opulentiam
1140 1738 1190 1781 re·

114 1814 219 1907 gionis
248 1836 370 1907 praeses
398 1812 579 1880 animosior
604 1836 645 1881 eo
673 1813 793 1881 missus
820 1814 1053 1884 novandarum
1080 1843 1192 1888 rerum

20 1912 21 1915 ¹
114 1921 289 1989 materiam
315 1918 498 2006 inveniret,
518 1916 722 2013 Cleopatra,
742 1920 839 2012 cujus
866 1918 988 1990 blanda
1015 1917 1193 1995 consuetu·

20 2074 21 2077 κ
114 2026 188 2095 dine
210 2024 407 2111 tenebatur,
425 2039 460 2093 et
481 2026 534 2094 cui
549 2025 624 2118 jure
646 2026 746 2094 etiam
769 2025 970 2117 debebatur,
987 2052 1051 2099 nec
1072 2056 1141 2100 non
1160 2049 1194 2103 et

20 2142 22 2169 ³
113 2134 234 2203 minori
257 2133 329 2227 ejus
350 2131 446 2199 fratri
461 2145 631 2226 sceptrum
649 2130 757 2219 dedit,
774 2147 878 2227 quum
893 2136 1001 2228 major
1021 2136 1109 2206 male
1121 2164 1192 2208 mo-

114 2242 199 2310 nitus
213 2241 286 2331 ejus
300 2238 465 2325 audierat3
477 2239 639 2305 minorem
652 2236 754 2308 filiam
768 2238 931 2309 Arsinoen
945 2266 1050 2338 regno
1065 2244 1193 2335 eduxit,

19 2415 20 2419 ,
114 2372 153 2416 ne
170 2347 262 2417 forte
278 2342 377 2414 rebus
395 2344 505 2423 adhue
519 2345 661 2430 teneris,
681 2359 843 2439 praetextu
856 2346 943 2416 illius
954 2348 1086 2443 puellae,
1103 2352 1195 2445 quod

19 2488 20 2495 ¹
115 2451 306 2549 aliquandiu
326 2450 451 2523 fecerat
473 2450 691 2538 Ganimedes,
709 2454 789 2520 novi
810 2467 921 2523 motus
938 2455 1117 2550 paralium
1133 2460 1194 2528 ori·

19 2545 20 2626 l
115 2577 253 2654 rentur:
275 2559 402 2652 aliquot
426 2559 471 2627 ibi
497 2557 644 2653 leg-iones
673 2573 834 2652 preterea
864 2559 975 2654 liquit,
995 2561 1094 2657 idque
1125 2565 1193 2636 alto

116 2666 268 2752 consilio,
286 2681 334 2737 ut
346 2665 436 2760 quod
456 2678 618 2734 statuerat
638 2663 774 2732 firmum
796 2680 899 2753 esset,
917 2666 1007 2759 quod
1025 2693 1089 2738 nec
1109 2673 1193 2740 anti-

115 2777 221 2868 quitas
239 2774 370 2868 pueris,
387 2797 451 2841 nec
469 2773 592 2840 civium
606 2795 703 2838 amor
716 2772 884 2839 Caesarem
898 2773 1086 2843 amantibus
1098 2802 1195 2870 praes·

115 2893 348 2976 tarepoterat5
361 2893 395 2958 et
408 2877 590 2972 gloriosum
602 2890 689 2946 asset
699 2877 828 2944 nomini
839 2879 1085 2968 Romanorum,
1099 2907 1194 2978 reges

116 2989 155 3056 ab
176 2990 225 3056 eis
237 2986 326 3069 fieri,
341 3009 524 3078 eorumque
543 2983 703 3079 praesidiis
723 2984 846 3069 teneri,
868 2985 895 3052 si
913 2986 949 3053 in
967 2984 1034 3055 fide
1055 2992 1195 3060 mansis·

117 3109 186 3164 sent
199 3121 209 3182 3
224 3092 372 3187 alioquin
393 3115 506 3186 posse,
519 3092 546 3159 si
562 3089 793 3178 rebellassent,
810 3089 933 3159 eisdem
953 3093 1048 3190 ipsis,
1058 3120 1132 3188 quae
1152 3097 1195 3168 ad

115 3225 231 3270 eorum
253 3197 440 3269 custodiam
456 3197 534 3265 data
547 3211 661 3284 erant,
678 3195 806 3265 auxiliis
825 3198 996 3267 contineri.
1020 3203 1065 3269 Et
1082 3217 1196 3295 ,gesto-

115 3333 188 3378 rum
208 3331 271 3402 per
285 3309 453 3375 Caesarem
472 3306 507 3371 in
524 3304 686 3397 AEgypto,
705 3302 792 3391 haec,
810 3305 845 3372 ni
865 3301 976 3392 fallor,
992 3328 1122 3376 summa
1136 3325 1195 3380 est

165 3415 218 3484 Ex
234 3413 379 3508 AEgypto
401 3413 514 3480 Caesar
531 3409 565 3476 in
582 3411 711 3504 Syriam
726 3412 835 3496 venit,
848 3409 893 3491 ad
915 3409 1063 3481 laborem
1082 3429 1196 3509 natus,

115 3545 175 3590 nec
199 3543 330 3589 cessare
352 3519 476 3605 sciens,
490 3539 552 3591 nec
571 3517 760 3610 quiescere:
776 3531 912 3586 euntem
924 3519 1033 3586 nuntii
1047 3543 1088 3588 ex
1101 3522 1199 3593 Italia

115 3639 354 3722 assequuntur,
372 3623 554 3716 litteraeque
569 3623 678 3692 Roma
701 3621 853 3710 redditae3
867 3626 1017 3693 omnium
1036 3630 1200 3698 sententia

116 3757 181 3804 una
204 3746 298 3821 erat,
316 3729 422 3800 multa
444 3744 477 3802 et
498 3731 533 3797 in
555 3727 666 3817 urbe,
679 3743 713 3798 et
734 3732 769 3797 in
789 3728 904 3817 Italia,
925 3755 1102 3825 perperam
1123 3736 1198 3830 agi3

116 3839 205 3936 quod
220 3831 315 3936 paene
330 3838 554 3908 necessarium
568 3848 657 3924 erat,
676 3835 869 3906 absentibus
886 3836 1077 3908 consulibus
1095 3863 1135 3910 ac
1155 3866 1202 3912 ser

116 3961 211 4031 uatu5
230 3943 335 4016 multa
355 3947 390 4015 in
412 3941 538 4039 populo
560 3967 620 4037 per
642 3943 797 4012 tribunos
814 3942 958 4013 militum
977 3947 1201 4038 contentiose,

118 4052 232 4124 multa·
247 4054 284 4122 iu
315 4052 462 4121 exercitu
483 4050 656 4118 ambitiose
684 4055 785 4144 atque
810 4051 929 4144 ignave
958 4075 1019 4144 per
1049 4053 1201 4135 tribunos

119 4159 261 4232 militum
279 4157 459 4241 nonnullos
476 4179 517 4228 ac
533 4156 712 4252 praefectos
729 4154 917 4252 legionum,
939 4172 1122 4255 contraque
1141 4162 1203 4234 d‘rs·

940 4285 1017 4376 Μ,
