3000 5025
271 488 575 559 INTERPRES
603 486 838 557 GRAECUS.
867 488 965 557 LIB.
993 490 1021 556 Ι.
1111 485 1192 560 365

111 620 267 693 τυθέντων
284 622 313 688 οἱ
331 625 538 715 κρατήσαντες
558 620 678 687 εἰώθασι
693 614 873 711 λαμύάνειν.
888 600 959 688 ΚαὶΙ
974 625 1030 688 οὐκ
1042 625 1103 716 ἐγὼ
1121 631 1186 703 τοῖς

108 726 252 810 Γάλλοις,
266 728 336 795 ἀλλ’
357 727 445 795 αύτοί
464 755 516 820 μοι
536 726 669 819 πολεμον
688 728 866 819 ἐπήνεγκαν·
882 727 1000 795 ἅπασαι
1013 729 1067 820 μὲν
1081 727 1139 823 γὰρ
1154 731 1187 796 αἱ

109 843 165 911 τῆς
189 834 346 913 Γαλατίας
366 827 508 926 δυνάμεις
532 840 570 911 ὡς
589 830 863 925 καταμαχούμεναί
882 846 919 923 με
942 834 1104 917 συνῆλθον,
1119 835 1188 929 ἐμοί

109 964 148 1005 τε
162 933 540 1032 ἀντεςρατοπεδεύσαντο.
552 941 681 1017 Ταύτας
700 930 730 1003 δ’
744 942 826 1030 ὅμως
843 940 904 1033 ἐγὼ
921 938 1024 1018 πάσας
1047 946 1103 1032 μιᾷ
1125 941 1185 1009 ἐνί-

108 1070 190 1120 κησα
202 1054 288 1141 μάχῃ
306 1048 357 1115 καὶ
371 1045 497 1139 ἔτρεψα.
515 1045 552 1111 Εἰ
566 1046 619 1138 μὲν
635 1042 685 1113 οὖν
701 1042 784 1123 αὖθις
802 1040 1059 1138 συμύοίλλιινμοι
1077 1046 1184 1114 θέλου-

11 1220 12 1239 ,
108 1176 153 1217 σιν
166 1156 251 1247 ,ἐγὼ
265 1152 316 1220 καὶ
329 1154 376 1219 ἔτι
393 1152 524 1242 ἑτοίμως
536 1154 597 1243 ἔχω
612 1151 773 1244 μοίχεσθαι·
789 1143 859 1217 εἶδ’
874 1150 991 1244 εἰρήνην
1005 1163 1185 1245 προαιροῦν-

107 1284 172 1343 ται,
183 1253 291 1326 ἀδικύν
304 1262 367 1336 ἐςιν
381 1259 509 1337 ἐκείνους
524 1267 580 1325 τὀῢ
594 1259 648 1325 τὸν
664 1250 796 1350 δασμὸν,
806 1256 839 1324 ὃν
853 1259 948 1353 μέχρι
958 1267 1075 1325 τοῖνῖν
1090 1261 1184 1328 αὐτύ·

107 1389 203 1457 ματοι
225 1367 420 1460 ἀπήνεγκαν,
440 1371 535 1432 τελεῖν
554 1364 778 1457 παραιτεῖσθαι.
798 1366 881 1457 Πρὸς
902 1366 1024 1443 τούτοις
1048 1356 1110 1439 δὀἱ
1129 1366 1183 1458 μὲν

106 1483 168 1539 τῶν
188 1458 338 1565 Ρωμαίων
354 1470 440 1562 φιλία
453 1498 488 1539 τε
503 1496 554 1537 και
568 1471 729 1563 συμμαχία
743 1473 835 1562 τιμύν
856 1497 908 1563 μοι
926 1470 979 1538 καὶ
997 1472 1163 1563 ἀσραλειαν
1174 1516 1191 1555 ‚-

107 1578 226 1646 ἀλλὀὐ
251 1572 370 1651 ύλάύην
396 1580 454 1670 χρὴ
473 1578 627 1671 παρέχειν.
643 1557 689 1642 fiv
708 1569 743 1643 δὲ
762 1568 817 1642 διὰ
834 1578 907 1655 τοὺς
920 1563 1080 1669 Ῥωμαίους
1098 1582 1131 1661 ὅ,
1147 1604 1183 1645 τε
1270 1592 1273 1597 ’

107 1676 229 1778 δασμὸς
249 1689 304 1751 οὐκ
327 1686 373 1751 ἔτι
392 1691 543 1767 τελῆται,
565 1686 628 1751 οἵτε
647 1685 921 1775 προσ-χωρήσαντες
943 1709 995 1775 μοι
1021 1685 1183 1774 ἀρεςῖυοι,

106 1794 163 1884 οὐχ
186 1790 284 1867 ἧττον
305 1782 452 1874 ῆέέως,-ἢ
477 1796 516 1868 ὡς
534 1800 590 1867 τῆς
610 1797 671 1857 τῶν
694 1774 843 1881 Ῥωμαίων
863 1788 965 1879 ριλίας
988 1790 1183 1882 ἐπεθύμησα,

105 1908 154 1963 νῦν
180 1901 237 1973 τὴν
257 1896 376 1964 ἐκείνων
396 1896 573 1989 συμμαχίαν
592 1873 836 1988 παραιτύσω.ί)
850 1887 886 1961 ἀὲ
907 1897 944 1962 σὺ
962 1898 1021 1986 φύς
1046 1922 1083 1988 με
1102 1899 1182 1964 πολὺ

104 2005 222 2082 πλῆθος
243 2006 406 2097 Γερμανῶν
430 2003 470 2081 εἰς
488 2005 544 2077 τὴν
565 2001 721 2070 Γαλατίαν
745 1994 953 2086 διαύιύοίζειν,
966 2011 1061 2069 τοῦτο
1079 2005 1128 2069 ἵνα
1149 2006 1182 2095 μ’

105 2109 287 2203 ἀσραλίσω,
302 2112 370 2177 ἀλλ’
385 2113 443 2202 οὐχ
453 2112 503 2177 ἵνα
525 2112 581 2183 τὴν
602 2108 759 2176 Γαλατίαν
776 2116 943 2201 καταοχῶ,
957 2116 1046 2175 ποιῶ·
1062 2112 1182 2202 μαρτύ-

106 2242 167 2307 ριον
193 2209 245 2301 δέ,
266 2220 315 2284 ὅτι
335 2218 388 2284 τὸν
407 2217 541 2308 πύλεμον
563 2217 709 2309 πρότερος
728 2220 784 2283 οὐκ
805 2206 971 2311 ἐξύνεγιωι,
989 2213 1071 2282 ἀλλὰ
1090 2218 1181 2305 μόνον

105 2326 199 2391 αὐτὸν
218 2324 391 2416 ἠμυνάμην.
413 2324 495 2416 Πρὸς
510 2325 633 2400 τούτοις
649 2314 683 2389 δὲ
702 2322 755 2389 καὶ
767 2324 827 2417 ἐγὼ
841 2326 871 2388 ἐν
891 2332 932 2417 τῇ
951 2324 977 2386 Γ
979 2321 1095 2414 αλατίρι
1111 2324 1184 2416 πρύ-

104 2456 192 2524 τερος
202 2427 294 2502 ἦλθον
304 2438 365 2495 τῶν
376 2416 537 2521 Ρωμαίων·
554 2429 591 2495 τὸ
605 2427 673 2521 πρὶν
689 2430 742 2522 μέν
756 2428 815 2524 γὰρ
830 2426 945 2522 ςρατιὰ
954 2437 1016 2493 τῶν
1030 2414 1180 2523 Ρωμαίων

104 2547 161 2615 τῆς
181 2536 375 2629 ἐπικρατείας
388 2528 589 2604 οὐδεπώποτε
603 2540 657 2602 οὐκ
676 2530 808 2613 ἐξῆλθεν.
822 2534 864 2601 Τί
880 2532 931 2602 οὖν
946 2538 983 2601 σύ
998 2562 1050 2628 μοι
1068 2537 1180 2622 θελειςς

7 2659 8 2670 ’
104 2642 121 2717 ἢ
138 2642 264 2738 τίνοςιγ’
278 2647 365 2710 ἕνεκα
383 2645 413 2708 ἐν
432 2654 473 2718 τῆ
492 2647 550 2736 ἐμῇ
561 2645 648 2735 χώρᾳ
666 2643 850 2734 ἐρχῃ;αύτη
865 2639 991 2734 μὲνγὰρ
1005 2647 1025 2715 ἡ
1041 2644 1183 2711 Γαλατία

104 2752 182 2842 ἐμὴ,
198 2755 299 2842 ὥσπερ
319 2749 369 2817 καὶ
382 2747 494 2824 ἡάλλη
515 2756 582 2816 τῶν
599 2733 767 2840 Ῥωμαίων,
782 2747 844 2825 ἐςὶν
868 2748 1061 2840 ἐπικράτειαν
1071 2747 1123 2815 καὶ
1142 2757 1183 2829 ὡς

105 2857 159 2948 μὲν
173 2856 198 2922 εἰ
208 2857 342 2948 πόλεμον
354 2865 394 2948 τῇ
410 2864 471 2922 τῶν
485 2841 634 2947 Γωμαίων
650 2854 782 2948 ἐπαρχίᾳ
790 2855 961 2947 ἐκρέροιμι,
971 2857 1027 2921 οὐκ
1040 2855 1183 2923 ἀνεκτέον

106 2987 167 3055 μοι’
182 2959 245 3046 εἴη,
260 2966 341 3028 ούτω
353 2962 416 3029 -καὶ
433 2967 516 3054 ὑμεῖς
535 2953 637 3028 ἀδικοι
653 2961 724 3045 ἐςέ,
739 2971 795 3039 τῆς
809 2965 883 3053 ἐμῆς
902 2961 997 3053 ἀρχῆς
1019 2986 1071 3052 μοι
1094 2960 1182 3029 ἀντιε

104 3073 293 3162 ποιούμενοι.
307 3050 370 3136 ὅτι
384 3060 419 3134 δὲ
431 3070 467 3135 σὺ
477 3071 535 3162 φῂς
549 3075 620 3146 τοὺς
635 3053 762 3146 Esou&
773 3066 878 3158 φίλους
891 3093 927 3134 τε
936 3067 988 3134 καὶ
1001 3068 1182 3161 συμμάχους

105 3177 165 3244 ὑπὸ
190 3186 247 3251 τῆς
266 3161 413 3264 Ῥωμαίων
424 3213 427 3221 ·
438 3173 594 3268 γερουσίας
613 3173 865 3269 ἀναγορευθῆναι,
881 3177 1056 3266 ούχιούτως
1069 3176 1183 3256 ηλίθιύς

104 3283 202 3349 τεκαὶ
213 3282 357 3376 ἀλύγιςύς
372 3282 521 3374 εέμι,ῖύςε
535 3284 578 3374 μὴ
592 3283 761 3376 γινώσκειν,
770 3286 811 3359 ὡς
825 3282 891 3348 οὔτ’
902 3280 942 3359 είς
958 3282 1011 3348 τὸν
1024 3281 1109 3349 κατὰ
1118 3291 1180 3350 τῶν

104 3379 313 3483 Ᾰλλούρύγων
328 3395 390 3455 τῶν
403 3375 555 3482 Ῥωμαίων
565 3389 699 3481 πολεμον
708 3389 741 3456 ὀἱ
750 3375 990 3466 Εέουεῖςαύτοῖς
999 3382 1181 3475 ἐύούθησιιν,

106 3498 178 3566 ούτε
190 3499 220 3590 γ’
236 3491 273 3562 αὖ
288 3499 317 3562 ἐν
332 3483 379 3581 τῷ
391 3503 474 3585 σφῶν
489 3495 564 3587 πρός
577 3521 614 3588 με
628 3498 755 3587 πολέμῳ
765 3501 830 3572 τοῖς
841 3480 994 3586 Ῥωμαίοις
1007 3495 1182 3588 συμμάχοις

104 3594 289 3697 ἐχρήσαντο.
303 3594 400 3668 Aa&
409 3627 447 3695 με
458 3606 612 3686 ὑπονοεῖν,
624 3603 681 3676 τὴν
692 3604 769 3694 πρὸς
780 3588 992 3680 τοὺςῖῖδουεῖς
1003 3601 1181 3695 συμμαχίαν
1197 3657 1200 3662 .

106 3711 141 3776 σὲ
156 3701 436 3802 προφασιζόμενον,
450 3719 507 3776 τοῦ
526 3709 677 3801 καθαιρεῖν
696 3712 729 3800 μ’
743 3712 831 3775 ἕνεκα
844 3710 962 3782 ταύτην
977 3711 1033 3781 τὴν
1048 3707 1179 3801 ςρατιέιν

105 3818 197 3908 ἔχειν.
207 3805 320 3882 ’Ᾰλλέί
335 3817 376 3906 μὴ
388 3815 525 3910 ’ἀπέλθῃς
538 3841 590 3898 τε,
599 3812 651 3882 καὶ
665 3815 703 3880 τὸ
720 3813 951 3909 σὸνςγάτευμα
964 3807 1086 3888 ἐνθένδε,
1096 3817 1180 3884 ἀπα-

105 3921 224 4017 γοίγης,
234 3918 266 3987 εὖ
277 3920 356 4002 ἴσθι,
369 3925 420 3988 ὅτι
433 3924 491 4015 οὐχ
503 3928 542 4000 ὡς
556 3920 636 4012 ρίλῳ
650 3946 715 4003 σοι,
729 3922 799 3989 ἀλλ’
814 3929 854 4000 ὡς
864 3921 1002 4014 πολεμίῳ
1014 3951 1036 4015 χ
1054 3927 1179 4018 νίσομαι.

104 4023 178 4117 Κᾷν
193 4031 248 4120 μέν
254 4026 476 4112 σ’ἀποκτείνω,
485 4035 621 4111 πολλοῖς,
632 4024 664 4094 εὖ
674 4020 756 4110 οῖδα,
765 4032 815 4094 ὅτι
825 4025 952 4122 ἄρχουσι
960 3949 1180 4124 τῶνάωμαίων

107 4135 237 4228 ἰσχυρῶς
251 4133 435 4229 χαρίσομιιι,
451 4136 611 4204 καὶτοῦτο
626 4137 737 4204 ἐκτῶν
752 4133 871 4205 ἐκείνων
886 4136 1033 4231 ἀγγελιῶν
1047 4142 1184 4234 κατέμα-
1199 4204 1202 4211 ,
