3000 5025
230 439 539 512 INTERPRES
566 441 808 510 GRAECUS.
834 442 931 510 LIB.
960 441 1026 511 vl.
1099 442 1173 540 467

106 576 209 668 ἐνόχων
244 567 336 654 δίκας
367 573 485 642 τίνοιεν·
517 573 542 640 εί
570 565 605 640 δὲ
631 572 753 652 πλείους
780 572 862 642 θίλυι
889 579 1046 669 ὁμόρους,
1068 566 1176 644 δαίσειν

105 687 313 773 ὑπισχνοῦντο.
327 686 429 749 Τοῦτο
450 672 485 746 δὲ
500 686 516 746 6
531 683 653 772 Καῖσαρ
674 682 824 772 ἐπιμελῶς
842 682 880 748 τὸ
898 686 1028 775 πρᾶγμα
1045 676 1176 762 ἐκζητη-

105 813 168 868 σας,
182 791 240 857 ὑπὸ
261 799 325 856 τῶν
346 789 479 855 Σουεόων
498 778 616 860 ταύτην
636 785 811 878 πεμφθῆναι
824 795 929 877 σαφῶς
943 788 1098 879 κατέμαθε
1117 791 1174 865 τὴν

107 894 248 976 βοήθειαν.
265 897 325 970 τὴν
347 894 400 987 μὲν
413 891 465 960 οὖν
488 897 589 960 αὐτῶν
604 883 833 986 ἀποδεξάμενος
856 894 1042 988 ἀπολογίαν,
1056 894 1113 973 τὰς
1135 897 1176 976 εἰς

106 1003 171 1079 τοὺς
186 1004 336 1078 Σουεόους
355 1002 502 1092 φερούσας
522 991 632 1083 ὁδοὺς,
646 998 853 1092 ἐκείνουςήμ
832 1026 944 1074 ωτησε

152 1111 193 1175 Χ.
208 1106 305 1176 Μετὰ
322 1098 396 1172 δ”
367 1133 401 1174 ου
417 1104 534 1182 πολλὰς
553 1105 762 1173 ἐντεῦθενί
700 1108 762 1198 ημί
764 1133 816 1200 ρας
830 1107 859 1173 06
877 1107 931 1199 μὲν
946 1101 1091 1174 οὔόισι’
1072 1112 1176 1204 απηγ·

106 1220 199 1308 γειλαν
223 1218 331 1301 αὐτῷ,
347 1211 449 1290 παίσας
467 1210 524 1290 τὰς
543 1220 625 1303 σφῶν
645 1203 832 1305 δυνοίμεις’
807 1237 848 1290 εις
867 1215 919 1279 ἕνα
937 1214 1009 1292 τοὺς
1033 1215 1179 1294 Σουεόους

107 1319 301 1415 συναγείρειν,
316 1319 407 1388 καὶπ
383 1321 458 1450 πρὸς
477 1345 548 1396 τους
560 1321 639 1409 υφ
626 1319 789 1396 ἑαυτοὺς
768 1341 909 1397 απαντας
928 1310 1178 1411 διαπέμπεσθαι,

108 1429 157 1500 τόν
182 1454 217 1494 τε
245 1422 415 1507 πεζικήν”
394 1452 478 1518 αμα,
500 1424 553 1492 καὶ
580 1427 636 1498 τὴν
662 1426 788 1498 ίππικλν
815 1430 917 1492 πᾶσαν
946 1416 1074 1518 δύναμιν
1102 1455 1179 1560 πρρς

107 1538 176 1660 σφοῖς
196 1530 280 1629 ἀγειν
295 1535 486 1608 κελεύοντας.
502 1535 612 1598 Ταῦτα
632 1523 747 1598 δέθ
686 1531 747 1624 μθα
750 1534 817 1597 ὼνυ
807 1533 970 1637 Καῖσαρ,
986 1541 1108 1627 πρῶτον
1123 1537 1177 1626 μὲν

107 1636 206 1724 σίτου,
227 1640 280 1708 καὶ
306 1649 368 1708 τῶν
388 1637 530 1706 ἀλλων’
512 1637 685 1731 αναγκαίων
709 1638 850 1731 πρόνοιαν
870 1633 1055 1722 ἐποιήσατο,
1077 1640 1129 1706 καὶ
1148 1644 1177 1708 ἐν

108 1745 189 1833 τόπῳ
215 1738 385 1830 ἐπιτηδείῳ
413 1736 762 1839 ςρατοπεδευσοίμενυς,
785 1750 850 1820 τοῖς
879 1739 1005 1822 Οὐόίοις
1031 1771 1057 1813 π
1059 1752 1179 1839 ρυεῑπε,

108 1849 205 1920 ποίντα
229 1853 271 1920 τὰ
300 1854 488 1942 βοσκήματα
513 1852 745 1944 ἀναγαγόντας,
765 1847 807 1915 τὰ
822 1848 920 1943 λοιπὰ
939 1849 979 1928 εἰς
998 1849 1056 1930 τὰς
1074 1853 1181 1932 πόλεις

109 1961 249 2050 χρίματα
272 1953 471 2051 εἰσκυμίζειν,
488 1953 618 2037 ελπίζων
642 1952 700 2048 όαρ
703 1950 745 2020 όοί
748 1981 814 2047 ρους
833 1947 948 2048 ἀνδρας
969 1967 1009 2050 τῇ
1029 1967 1092 2024 τῶν
1110 1961 1179 2027 ε’πι-

110 2056 231 2136 τηδείων
249 2057 365 2162 ἐνδείᾳ
398 2062 712 2157 ἀναγκασθέντας,’
688 2087 728 2140 εις
763 2063 818 2134 τὴν
851 2063 954 2154 μάχην
988 2069 1179 2133 πλεονεκτῶν

111 2170 340 2240 ἐπισπάσεσθαι
355 2173 407 2236 Πα
410 2173 547 2303 ρνίχγειλε
562 2161 597 2236 δὲ
617 2170 668 2235 καὶ
690 2173 814 2249 αὐτοῖς,
822 2172 961 2298 συχνρὺς
980 2168 1021 2248 εἰς
1039 2172 1096 2244 την
1117 2183 1180 2239 τῶν

111 2274 237 2343 Σουεόων
256 2281 388 2392 πέμπειν
408 2279 509 2370 χώραν
529 2275 766 2355 κατασκόπους,
780 2276 832 2340 καὶ
850 2274 892 2341 τὰ
905 2278 970 2342 ἐκεῖ
984 2283 1182 2354 κατασκοπη·
1220 2327 1224 2331 -

111 2381 357 2510 ραντας,ἐαυτῷ
363 2391 401 2462 ὡς
419 2382 537 2475 τάχιςα
552 2383 767 2515 ἀπαγγελλειν.
786 2367 906 2448 Ἐκεῖνοι
920 2375 1002 2448 δὲ
969 2408 1007 2451 τυ
1025 2385 1180 2452 κελευσθὲν

112 2489 309 2572 ἐποιήσαντο,
329 2491 381 2559 καὶ
399 2488 503 2623 ὀλίγας
521 2489 622 2581 μεθ’
606 2490 720 2581 ημόρας
739 2487 876 2565 ἐλθόντες
897 2488 1023 2584 ἔλεγον,
1037 2492 1108 2569 τοὺς
1125 2493 1180 2583 μὲν

113 2596 312 2677 Σουεόους’
236 2624 387 2675 παντας
407 2600 462 2670 τὴν
481 2604 542 2663 τῶν
561 2582 710 2686 Ρωμαίων
730 2584 847 2685 ἀφοδον
861 2604 965 2685 σαφῶς
981 2598 1180 2687 καταμαθόν·

111 2727 180 2785 τας,
195 2706 275 2797 μετὰ
293 2704 396 2781 πάσης
418 2714 475 2781 τῆς
496 2710 579 2833 σφῶν
604 2702 655 2769 καὶ
678 2708 739 2766 τῶν
760 2700 933 2795 συμμάχων
958 2692 1165 2795 δυνάμεως
1140 2730 1180 2784 εις

114 2805 150 2873 τά
167 2822 222 2890 τῆς
248 2818 366 2880 ἑαυτῶν
390 2812 492 2903 χώρας
516 2810 634 2900 ἔσχατα
659 2808 865 2898 ἀναχωρῆσαι·
887 2810 961 2879 ὓλην
986 2798 1055 2874 δὲ
1044 2836 1101 2877 υπε
1104 2822 1181 2903 ρφυῆ
1213 2848 1215 2850 ·

113 2914 147 2981 τὸ
171 2919 315 3013 μέγεθος,
336 2911 486 2989 Βακέννην
514 2915 718 3006 καλουμένην,
738 2908 920 2980 ἐνταῦθα
894 2920 978 2979 εἰναι·
1006 2917 1124 2985 ταύτην
1148 2908 1180 2983 δ’

115 3021 236 3092 ἐπιπολὺ
268 3024 339 3093 εἵσω
361 3021 569 3105 τείνεσθαι,”
552 3034 677 3111 εφασαν
703 3021 775 3097 τεός
800 3045 834 3085 τε
855 3021 1018 3103 Σουεόυυς,
1037 3022 1179 3102 καὶτοὺς

116 3125 359 3221 Χεροόσκους,“
344 3158 384 3208 ως
402 3130 526 3221 φυσικόν
551 3154 582 3193 τι
601 3134 718 3219 τεῖχος,
741 3109 857 3217 μεταξὺ
883 3121 1032 3217 ἐμθληθ
1002 3154 1106 3214 εισαν,
1124 3141 1183 3199 τοῦ

115 3231 252 3317 ἀλληλοις
278 3243 436 3345 πολεμεῖν
448 3236 647 3302 ἀποκωλύειν
673 3232 725 3299 καὶ
750 3235 779 3298 ἐν
801 3236 918 3311 ταύτης
943 3244 983 3327 τῆ
1006 3235 1086 3330 ἀρχῇ
1109 3241 1182 3315 τοὺς

116 3338 304 3423 Συυεόους
269 3371 326 3417 την
342 3353 403 3408 τῶν
422 3328 572 3433 Ρωμαίων
585 3341 751 3433 περιμένειν
768 3339 839 3465 ἐφόρ
841 3365 931 3431 μησιν
949 3331 1095 3414 διανοηθ
1059 3342 1156 3417 θ.ηναι

164 3451 222 3517 ΧΙ.
247 3437 370 3524 Επιιδιί
397 3474 453 3541 περ
485 3439 550 3513 δ”
538 3474 567 3513 εν
593 3449 696 3532 τούτῳ
722 3446 828 3536 ἐσμὲν,
849 3446 1010 3537 ἀλλότριον
1037 3451 1072 3515 οὐ
1100 3443 1188 3518 δοκεῖ

117 3554 253 3645 περὶτῆς
274 3568 335 3624 τῶν
359 3581 394 3622 τε
421 3476 605 3648 Γερμανῶν,
624 3552 676 3619 καὶ
698 3560 759 3619 τῶν
789 3553 916 3620 Γαλλων
937 3544 1058 3631 διαίτης
1080 3547 1182 3623 διαλέ

118 3659 235 3749 γεσθαι,
256 3664 307 3731 καὶ
328 3665 357 3730 ἐν
386 3662 449 3729 τίσι
474 3652 664 3753 διαφέρουσιν
687 3659 828 3732 ἀλληλων
852 3653 1033 3752 ἐξηγεισθαι.
1057 3646 1100 3727 Εν
1129 3664 1183 3754 μὲν

119 3789 155 3859 τῃ
141 3751 403 3837 ΓΑΛΑΤίΑ’
374 3794 432 3859 ουχ
450 3772 530 3845 ὅπως
554 3768 584 3833 ἐν
603 3764 716 3842 πείσαις
732 3772 801 3843 ταῖς
819 3767 943 3849 πόλεσι,
957 3766 1009 3833 καὶ
1023 3770 1052 3832 ἐν
1069 3768 1183 3847 πάσαις

120 3878 183 3950 ταῖς
202 3884 325 3966 φυλαῖς,
347 3871 428 3941 ἀλλά
455 3873 507 3941 καὶ
532 3876 562 3939 ἐν
585 3870 681 3963 ἑκάς-ῃ
712 3863 880 3961 σχεδὸν’
853 3871 933 3963 οικίᾳ
962 3873 1093 3967 ἐταιρίαι
1115 3875 1183 3943 εἰσί.

120 3976 239 4047 Τούτων
264 3974 334 4049 δ’ἀ
313 3982 458 4075 αρχοντίς
477 3979 533 4046 εἰσι
557 3989 619 4045 τῶν
634 3982 772 4081 ἑταιριῶν
794 3978 822 4045 οἱ
840 3980 892 4045 ὑπ
906 3978 1024 4045 ἐκείνων
1046 3968 1186 4049 δυνατώ·

120 4082 460 4183 τατοινομιζόμενοι·
429 4085 544 4155 ουτυιθ
547 4088 621 4173 ’,ῶς
636 4084 722 4175 σφίσι
734 4074 839 4167 δοκεῖ,
851 4083 956 4152 πάντα
971 4076 1185 4180 διακοσμοῦσι.

936 4213 1178 4335 30²·t
