3000 5025
323 474 394 542 DE
422 473 549 543 VITA
576 474 721 545 JULII
749 474 997 545 CAESARIS.
1120 478 1192 577 173

174 610 216 677 Et
228 607 296 676 hoc
314 603 448 703 quidem
466 603 544 678 belli
561 605 664 677 civilis
682 607 829 691 initium,
845 608 898 677 ha
916 608 1051 679 filerunt
1068 636 1193 704 causae,
1306 677 1311 687 ,

130 715 263 811 aliquam
283 729 319 783 et
335 717 474 787 fortasse
489 736 558 782 non
575 735 714 815 parvam
728 713 863 806 justitiae
881 714 999 785 faciem
1017 717 1195 808 habentes,

130 826 239 919 siqata
269 846 412 916 usquam
432 844 503 891 esse
530 834 640 914 potest
665 819 756 912 justa
784 844 887 891 causa
916 824 1059 915 patriam
1085 852 1194 922 oppu-

129 929 259 1024 gnandi,
277 930 430 1022 quamvis
448 928 490 1000 ab
512 925 582 995 aliis
598 927 707 995 minus
722 926 820 1019 justa:
836 927 971 1022 quidem
989 929 1193 1005 afferantur:

128 1036 178 1105 sed
207 1034 324 1105 odium
352 1034 564 1123 manifestum
596 1034 779 1103 testimonii
811 1033 912 1103 fidem
941 1034 1038 1105 levat.
1069 1042 1195 1111 Cneius

31 1160 33 1175 “
128 1144 296 1237 Pompeius
323 1166 425 1237 gener
451 1155 550 1235 atque
577 1139 681 1210 hostis
709 1141 848 1211 Caesaris
872 1141 998 1230 aiebat,
1016 1167 1094 1213 eum
1119 1147 1195 1217 ideo

31 1304 33 1341 ,
127 1249 212 1344 quod
234 1274 305 1319 non
330 1261 442 1344 posset
461 1272 565 1343 opera
589 1249 734 1341 incoepta
759 1247 937 1341 perficere,
954 1273 1063 1343 neque
1090 1251 1132 1320 de
1158 1279 1194 1323 se

31 1380 33 1461 ζ
126 1355 233 1451 populi
252 1358 517 1451 expectationem
538 1353 735 1448 adimplere,
750 1354 886 1425 turbare
904 1357 1017 1427 omnia
1034 1356 1195 1449 voluisse,

30 1528 32 1543 ,
126 1488 161 1533 ne
178 1465 216 1531 in
231 1463 404 1545 turbando
418 1462 538 1531 veritas
550 1473 745 1556 appareret:
761 1460 854 1561 hiere
868 1465 926 1556 qui
940 1464 1087 1533 timuisse
1101 1464 1195 1535 illum

30 1634 32 1649 ,
124 1569 284 1658 dicerent,
303 1593 346 1638 ne
371 1590 510 1655 eorum,
531 1590 605 1661 quae
629 1568 738 1661 primo
760 1567 936 1639 consulatu
963 1584 1080 1639 contra
1105 1569 1195 1667 leges

30 1662 32 1757 Ῐ
125 1691 281 1769 gesserat,
303 1677 467 1745 rationem
486 1674 624 1745 reddere
640 1673 735 1769 gravi
751 1698 813 1743 suo
831 1675 980 1769 periculo
998 1692 1194 1771 cogeretur:

30 1770 32 1783 ’
125 1807 221 1877 quum
236 1784 375 1853 Marcus
393 1786 498 1870 Cato,
510 1786 571 1853 iste
589 1779 743 1867 ultimus,
760 1782 855 1874 cujus
869 1784 1032 1851 virtusac
1049 1786 1195 1877 gravitas

124 1890 412 1959 comminationem
437 1889 508 1983 ejus
532 1912 600 1957 non
620 1888 729 1955 minus
753 1887 935 1959 terribilem
958 1913 1060 1983 quam
1084 1893 1194 1985 cujus,-

123 2020 250 2091 cunque
280 1994 425 2067 consulis
455 1994 616 2081 faciebat,
636 1993 746 2088 palam
776 1994 901 2065 diceret
929 2019 968 2065 ac
993 1995 1139 2089 juraret,
1159 2024 1195 2069 se

124 2104 259 2173 Caesaris
284 2128 426 2191 nomen,
447 2126 550 2187 mox,
571 2114 609 2168 ut
633 2101 785 2195 privatus
811 2126 883 2171 csse
909 2103 1088 2196 inciperet,
1109 2105 1195 2175 inter

122 2233 191 2279 reos
214 2208 422 2297 delaturum,
441 2206 582 2303 publica
604 2206 657 2276 ille
677 2207 811 2299 justitiae
833 2208 1018 2297 studiosus,
1037 2234 1096 2279 seu
1116 2236 1195 2307 pro-

122 2318 198 2409 priae
220 2340 351 2385 memor
375 2317 524 2409 injuriae:
541 2313 630 2383 unde
648 2312 718 2407 jam
739 2316 774 2382 in
798 2314 918 2409 vulgus
936 2315 1081 2385 effusum
1104 2333 1195 2407 erat,

121 2421 206 2491 idem
234 2424 585 2493 Casani-eventurum
612 2419 707 2516 quod
734 2419 871 2505 Miloni,
890 2437 928 2491 ut
954 2424 1197 2518 circumseptus

121 2531 256 2598 annatis
284 2529 373 2624 apud
392 2529 538 2622 judices,
557 2553 615 2598 seu
636 2551 677 2594 ex
696 2526 856 2616 vinculis,
874 2553 1010 2600 causam
1028 2529 1125 2599 dicat.
1151 2535 1197 2602 Et

27 2695 28 2724 ,
122 2635 207 2706 hanc
224 2634 437 2705 verisimilem
461 2633 539 2706 belli
560 2656 695 2704 oausam
713 2633 819 2704 videri
836 2659 933 2728 posse
953 2659 1022 2704 una
1040 2661 1107 2704 vox
1125 2638 1196 2730 ejus

27 2725 29 2772 ³
123 2741 218 2830 lacit,
235 2743 278 2812 de
295 2767 361 2836 qua
375 2767 435 2810 suo
454 2740 529 2812 loco
547 2741 657 2810 dicam
672 2765 679 2808 :
696 2738 767 2818 aliis
781 2741 891 2839 visum
906 2756 976 2830 est,
995 2766 1073 2810 eum
1088 2745 1198 2836 spatio

27 2887 29 2940 p
122 2848 342 2942 plurimorum
352 2873 518 2917 annorum
526 2848 665 2942 imperio
676 2845 1119 2936 assuefactum,dedidicisse
1129 2850 1196 2944 pri·

27 2953 29 3008 l
123 2971 235 3024 vatum
258 2955 414 3037 modum:
432 2969 471 3023 et
494 2953 569 3024 sola
589 2951 744 3046 cupidine
770 2951 963 3022 dominandi
983 2956 1019 3022 in
1039 2953 1126 3023 bella
1147 2957 1193 3023 ci·

27 3087 28 3090 ¹
122 3061 196 3130 vilia
223 3065 449 3148 consensisse;
469 3061 540 3128 haec
568 3059 699 3128 videtur
727 3058 829 3150 finisse
858 3061 1030 3130 Ciceronis
1058 3063 1195 3155 opinio,

123 3168 180 3237 sihi
201 3168 369 3238 interdum
386 3167 592 3254 amicissimi,
611 3165 717 3234 sedin
734 3164 801 3235 fine
819 3166 941 3254 hostis,
958 3168 1032 3262 qni,
1047 3169 1082 3236 in
1104 3167 1195 3256 libris

123 3274 330 3362 officiorum,
353 3283 485 3368 semper
506 3275 672 3342 Caesarem
693 3274 728 3339 in
750 3296 809 3341 ore
829 3271 983 3342 habuisse
1008 3274 1195 3344 ait.versus

123 3377 193 3450 illos
218 3380 408 3476 Euripidis,
428 3405 511 3472 quos
538 3381 608 3473 ipse
634 3379 735 3447 sicin
758 3376 898 3447 latinum
918 3368 1036 3463 vertit3
1056 3404 1140 3449 nam
1163 3385 1199 3448 si

123 3487 322 3558 violandum
337 3503 391 3555 est
397 3486 479 3578 jus,
493 3485 664 3580 regnandi
672 3490 794 3578 gratia
810 3484 1011 3555 nomadum
1025 3501 1079 3554 est
1083 3513 1097 3572 ,·
1115 3488 1196 3556 aaa

124 3594 220 3662 rebus
225 3601 397 3690 pietatem
414 3593 520 3662 colas.
540 3591 640 3660 Posui
654 3615 735 3662 ecce,
754 3593 927 3685 opiniones
944 3591 1118 3661 hominum
1137 3617 1195 3662 va·

125 3702 188 3768 rias
209 3725 277 3768 una
298 3699 486 3794 eademqne¹
500 3698 542 3766 de
560 3723 616 3786 re,
633 3711 668 3766 et
687 3697 861 3766 hominum
883 3697 970 3766 idem
991 3697 1195 3788 volentium,

126 3807 301 3896 Caesarem,
318 3805 443 3894 ¹scilicet
467 3804 648 3888 infamare:
664 3803 746 3872 mihi
774 3819 901 3893 autem,
920 3818 972 3873 sat
996 3827 1038 3874 ne
1068 3805 1195 3894 dicam,

126 3911 220 3982 valde
234 3938 350 3996 rerum
362 3912 478 3999 talium
493 3913 641 3998 curioso„
656 3934 778 3979 venere
792 3911 836 3979 ad
849 3910 1109 4005 manusaliquot
1121 3914 1194 3981 Cae·

127 4020 207 4088 saris
231 4021 332 4114 ipsius
357 4016 523 4113 epistole,
545 4031 624 4088 nota
651 4031 734 4098 sunt,
755 4019 857 4096 etiam
877 4019 948 4110 ejus
969 4018 1059 4088 dicta
1079 4026 1123 4086 ac'
1138 4044 1200 4088 rez-

127 4148 247 4218 sponsa
261 4150 363 4220 quarn
378 4123 542 4219 plurima,
555 4126 589 4192 in
606 4123 725 4228 quibus
739 4123 893 4197 omnibus
907 4124 1042 4196 avidum
1057 4151 1092 4196 se
1106 4129 1196 4220 pacis
