3000 5025
147 458 149 462 ⁵
254 471 560 540 INTERPRES
587 470 822 540 GRAECUS.·
848 472 944 538 LIB.
973 471 1065 539 vll.
1121 476 1198 571 499

133 601 233 679 λατίας
254 602 428 688 βασιλείαν,
443 611 500 671 τοῦ
520 602 677 696 Καίσαρος
695 604 977 698 συγχωροῦντος,ἢ
1004 614 1088 698 σρῶν
1112 613 1198 696 αὐτῷ

134 714 180 774 σύν
198 719 235 802 τῇ
253 709 318 804 νίκῃ
341 701 510 794 διδόντων,
528 709 746 804 προαιρεῖσθαι.
759 697 789 776 0
804 701 840 777 δέ
858 709 1097 807 Βερκιγγέτορυξ
1115 719 1198 782 οὕτω

134 816 356 909 κατηγορηθεὶς,
370 819 447 910 πρὸς
465 817 571 884 πάντα
585 827 688 886 ταῦτα
706 809 814 884 τοιάδε
833 818 1031 911 ἀπεκρίνατο·
1047 802 1110 887 ίλτι
1133 823 1198 914 μὲν,

120 921 197 1010 τίρη,
215 915 606 1016 μετεςρατοπεδευσάμην,
622 916 676 990 διὰ
694 925 838 1016 τύχιλοῦ
858 929 941 1017 ἡμᾶς
959 919 1128 1010 σπανίζειν,
1147 929 1200 996 καὶ

133 1027 200 1118 πρὸς
219 1033 339 1109 τούτοις
357 1036 440 1123 ὐμῶν
460 1035 562 1097 αὐτῶν
586 1033 835 1124 παραινούντων,
849 1035 899 1099 ὅτι
914 1022 944 1097 δ’
959 1034 1119 1127 ἐγγίτερον
1136 1046 1198 1102 τῶν

133 1116 287 1224 Ρωμαίων,
307 1136 325 1212 ἢ
345 1137 494 1230 πρόσθεν,
513 1133 622 1221 ἦλθον,
637 1145 732 1206 τοῦτο
747 1140 809 1206 ὐπύ
828 1149 884 1216 τῆς
904 1149 962 1206 τοῦ
978 1138 1091 1233 χωρίου
1113 1140 1201 1233 ἰσχυ-

134 1240 274 1330 ρότητος,
290 1235 331 1309 δι’
345 1248 457 1310 ἑαυτοῦ
479 1236 589 1337 σχεδὸν
605 1245 982 1337 άμυνομένου,,πεισθεὶς,
997 1247 1200 1340 ἐποιησάμην.

133 1338 215 1424 Οὐδὲ
234 1348 334 1428 ἱππεῖς
349 1352 415 1417 οὐτ’
430 1347 465 1418 ὐιν
480 1357 549 1442 ὑμῖν
568 1353 598 1417 ἐν
614 1343 722 1418 ἑλώδει
740 1353 831 1437 τόπῳ
847 1356 970 1442 ῶρελεῒν
988 1343 1203 1438 ἠδυνήθησαν,

132 1451 179 1518 καὶ
196 1453 280 1546 ἐμοὶ,
299 1455 321 1550 ή
340 1458 451 1535 αὐτοὺς
470 1458 606 1554 ἤγαγον,
625 1461 771 1551 χρήσιμοι
791 1460 942 1554 ἐγίνοντο.
963 1447 1070 1524 Ᾰπιῶν
1093 1449 1124 1524 δ’
1142 1463 1203 1555 ἐγὼ

133 1550 237 1628 οὐδένα
255 1565 301 1653 ἐρ’
317 1550 385 1656 ὐμῒν
404 1567 561 1658 ςρατηγὸν
582 1569 759 1649 κατέςησα,
772 1569 814 1657 μή
830 1563 919 1642 οὐτος
940 1575 980 1659 τῇ
998 1576 1055 1632 τοῦ
1068 1568 1203 1645 πλήθους

132 1667 200 1758 πρὸς
214 1669 269 1736 τὴν
286 1671 389 1764 μάχην
410 1663 549 1764 σπουδῇ,
564 1673 643 1765 ’πρὸς
663 1673 699 1738 τὸ
721 1672 825 1764 μάχην
844 1671 1009 1740 συνάπτειν
1030 1699 1204 1766 παροτρυν-

132 1771 174 1846 θῆ·
189 1777 263 1869 πρὸς
284 1779 338 1870 μὲν
359 1775 417 1870 γὰρ
437 1788 532 1846 τοῦτο
547 1779 667 1856 πάντας
686 1784 786 1870 ὑμᾶς,
805 1769 859 1845 διὰ
876 1781 933 1852 τὴν
957 1783 1043 1870 ὑμῶν
1064 1782 1204 1872 μαλακό-

133 1903 229 1963 τητα,
251 1876 456 1977 σφοδρότατα
481 1877 665 1964 σπουδάζειν
689 1891 768 1978 ὁρῶ,
789 1887 844 1953 τὸν
868 1895 932 1952 τοῦ.
950 1885 1088 1977 πολέμου
1111 1889 1204 1954 πόνον

133 1985 178 2052 ἐπὶ
196 1995 299 2058 πλεῖον
322 1994 421 2083 φέρειν
435 1994 476 2083 μὴ
498 1983 694 2083 δυναμένους.
710 1987 778 2056 Κέιν
800 1992 855 2083 μὲν
878 1995 914 2057 ἐκ
936 1990 1101 2082 συντυχίας
1122 1994 1204 2070 τινὸς

133 2090 157 2157 οἱ
173 2079 309 2188 Ρωμαῖοι
331 2099 407 2188 πρὸς
429 2101 507 2189 ὑμᾶς
526 2096 633 2181 ἦλθον,
655 2109 695 2191 τῇ
714 2101 807 2192 τύχη·
833 2097 859 2165 εἰ
878 2089 908 2163 δ’
927 2099 987 2164 ὐπὸ
1006 2099 1088 2177 τινὸς
1106 2123 1205 2192 παρα·

132 2199 309 2286 κληθέντες,
329 2203 432 2289 ἐκείνῳ
451 2197 501 2271 δεῖ
515 2209 594 2296 ὑμεῖς
615 2207 797 2298 εὐχαριςεῖν·
819 2207 854 2272 ἐκ
872 2206 926 2297 μὲν
948 2202 1007 2299 γὰρ
1026 2212 1089 2272 τῶν
1112 2211 1206 2298 ὑπερ-

132 2294 231 2384 δεξίων
252 2308 392 2404 χωρίων,
406 2316 463 2386 τήν
491 2314 521 2378 τ’
545 2311 663 2378 ἐκείνων
685 2313 858 2406 ὀλιγότητα
879 2314 1057 2406 γινώσκειν,
1078 2311 1205 2390 καὶτῆς

132 2415 226 2482 αὐτῶν
246 2408 359 2513 αἱρετῆς
382 2424 582 2510 καταφρονεῖν
606 2409 790 2494 ἠδυνήθητε·
815 2415 843 2485 οἳ
862 2417 1015 2510 μάχεσθαι
1036 2422 1071 2484 οὐ
1090 2422 1207 2513 τολμή-

132 2543 253 2607 σαντες,
267 2524 400 2617 αἰσχρῶς
418 2526 493 2617 πρὸς
508 2526 545 2593 τὸ
560 2532 643 2615 σρῶν
664 2526 839 2618 χαράκωμα
856 2526 1071 2617 ἐπεχώρησαν.
1089 2528 1155 2603 Τῆς
1170 2518 1205 2596 δὲ

133 2615 182 2694 διὰ
194 2640 250 2699 τοῦ
264 2630 422 2722 Καίσαρος
444 2642 500 2709 τῆς
522 2629 679 2708 Γαλατίας
699 2626 962 2722 ἐασιλείας,ὐμάς
979 2622 1128 2723 προδοὺς,
1149 2636 1206 2699 οὐκ

131 2734 278 2829 ἐπιθυμῶ,
293 2730 457 2831 ἐπειδήπερ
473 2738 524 2804 καὶ
545 2728 598 2803 διὰ
623 2748 679 2814 τῆς
704 2736 789 2815 νίκης
812 2736 880 2828 ἐμοί
902 2762 956 2819 τε,
971 2738 1022 2805 καὶ
1043 2742 1120 2803 πᾶσι
1140 2748 1205 2817 τοῖς

132 2840 277 2929 Γάλλοις,
293 2854 392 2935 παρῆς
416 2835 477 2917 ήδη
498 2845 607 2926 οὐσης,
625 2845 743 2917 ταύτην
767 2844 844 2935 ἔχειν
870 2834 1014 2930 δύναμαι·
1035 2845 1111 2936 πρὸς
1134 2848 1206 2911 τοό-

133 2972 193 3027 τοις
217 2942 247 3015 δ’
268 2958 338 3042 ὑμῖν
361 2953 571 3045 συγγινώσκει,
598 2949 622 3015 εἰ
640 2954 758 3041 μᾶλλον
782 2952 875 3042 τιμὴν
903 2949 971 3043 ἐμοὶ
997 2949 1205 3042 περιάπτετε,

131 3050 148 3127 ἢ
168 3059 219 3124 ὑπ’
235 3060 311 3150 ἐμοῦ
325 3056 457 3131 σωθῆναι
474 3052 625 3149 νομίζετε.
645 3039 699 3123 Ϊνα
712 3046 750 3121 δέ
766 3082 800 3150 γε
819 3063 918 3150 γνῶτε
938 3066 1043 3153 ταῦτα
1060 3059 1112 3124 ὐπ’
1131 3062 1206 3151 ἐμοῦ

132 3151 248 3245 ἀδόλως
270 3162 431 3259 λέγεσθαι,
450 3164 618 3247 ἀκούσατε,
640 3166 715 3255 ἐρα,
737 3166 838 3229 αὐτῶν
858 3170 920 3228 τῶν
939 3148 1089 3255 Ρωμαίων
1108 3188 1206 3258 στρα-

131 3277 259 3337 τιωτῶν.
280 3256 357 3362 Ᾰμα
376 3296 411 3337 τε
431 3282 534 3337 ταῦτα
555 3272 675 3366 λέγων,
693 3262 821 3347 δουλους
842 3266 928 3345 τινὰς
946 3272 1141 3363 προήγαγεν,
1155 3269 1206 3350 οῦς

80 3406 82 3411 “
130 3374 238 3469 ὀλίγων
254 3376 383 3469 πρόσθεν
401 3372 505 3445 λαύὼν
524 3384 661 3473 ήμερῶν,
676 3383 760 3467 λιμῷ
776 3402 811 3442 τε
829 3378 881 3443 καὶ
899 3371 1007 3452 οἷλλαις
1023 3375 1087 3443 τισὶ
1107 3378 1206 3462 βασά-

131 3478 405 3561 νοιςέὐασιίνισεν.
429 3483 528 3551 Αὐτοὶ
549 3475 580 3549 δ’
602 3476 663 3558 ήδη
690 3474 979 3577 δεδιδαγμένοι,’τί
1004 3483 1206 3575 ἐρωτηθέντες

132 3587 361 3684 ἀποκρίνοιντο,
387 3593 436 3657 ὅτι
464 3589 656 3684 ταγματικοὶ
685 3591 738 3681 μὲν
766 3597 939 3683 ςρατιῶται
966 3582 1043 3671 εἷεν,
1068 3589 1207 3679 ἐρασαν,

132 3696 361 3787 προεληλύθοιεν
385 3689 414 3762 δ’
429 3696 479 3765 ἐπὶ
500 3700 665 3789 προνομήν·
682 3683 836 3777 σπανίζειν
864 3697 918 3787 μὲν
942 3694 1000 3790 γὰρ
1023 3688 1206 3769 ἐπιτηδείων

39 3868 40 3875 ,
132 3808 238 3870 πάντα
255 3804 309 3869 τὸν
324 3812 386 3869 τῶν
401 3788 551 3895 θωμαίων
566 3803 699 3896 ςρατὸν,
712 3802 764 3869 καὶ
779 3800 829 3870 ἐπὶ
845 3809 949 3871 πλεῖον
973 3792 1085 3869 οὐδένα
1104 3806 1206 3869 αὐτῶν

131 3909 187 3981 τήν
202 3911 351 3983 τοιαότην
371 3900 519 3977 δύνασθαι
533 3910 691 4001 ὑποφέρειν
706 3908 928 4000 ταλαιπωρίαν·
945 3906 1025 3975 σῦλα
1043 3900 1208 3983 διανοηθῆὲ

132 4039 180 4081 ναι
200 4018 256 4083 τὸν
276 4014 437 4109 Καίσαρα,
458 4015 494 4091 ἢν
514 4020 557 4107 μή
576 4018 633 4089 τὴν
653 4014 741 4098 πόλιν
765 4009 889 4107 ἐξαιρεῖν
911 4007 1059 4099 δύναιτο,
1073 4016 1207 4083 ἐντεῦθεν

132 4119 214 4209 μετὰ
233 4129 312 4215 τρεῖς
329 4124 443 4217 ἡμέρας
460 4121 588 4217 ἀπάγειν
607 4123 644 4189 τὸ
668 4126 780 4189 ἑαυτοῦ
802 4120 973 4215 ςράτευμα.
994 4125 1135 4190 Τοιαῦτα
1155 4124 1209 4215 μὲν

951 4251 1022 4322 3ο“
