3000 5025
343 448 419 533 ,304
724 447 1042 519 PLUTARCHI

341 579 513 673 σεισαχθείᾳ
531 579 592 647 τινὶ
610 581 710 647 τόκων
732 574 868 672 ἐκούφιζε
891 584 963 658 τοὺς
983 578 1238 673 χρεωρειλέταςι·
1258 574 1355 647 ἀλλων
1377 606 1406 647 τι

341 690 490 758 τοιούτων
511 685 616 776 ἥψατο
634 687 890 778 πολιτευμάτων,
904 689 938 754 οὐ
958 693 1091 754 πολλῶν·
1109 686 1177 753 ἀλλ’
1192 689 1222 753 ἐν
1236 685 1358 779 ἡμέραις
1370 692 1407 754 ἕν·

341 788 419 861 θεκα
439 795 494 867 τὴν
516 794 570 885 μὲν
599 792 788 888 μοναρχίαν’
816 792 1039 885 ἀπειπάμενος,
1063 795 1185 861 ὕπατον
1211 784 1242 859 θ’
1260 785 1407 873 ἀναθειθιις

341 900 451 968 ἑαυτὸν
469 899 520 967 καὶ
540 896 708 993 Σερουίλιον
730 886 905 991 Ῑσαορικὸν,
918 899 1093 991 εἴχετοτῆς
1108 897 1263 993 ςρατείας.
1282 901 1345 968 Καὶ
1359 897 1408 977 τὰς

341 1008 395 1099 μὲν
424 1003 520 1084 ἀλλας
546 999 688 1100 δυνάμεις
713 1007 781 1074 καθ’
806 997 878 1073 όθὸν
901 1006 1093 1100 ἐπειγόμενος
1119 1005 1293 1099 παρῆλθεν,
1319 1007 1406 1084 ἱππεῖς

341 1106 371 1179 θ’
386 1113 463 1205 ἔχων
483 1104 621 1208 λογάθας
641 1108 831 1195 ἑξακοσίους,
846 1109 898 1179 καὶ
918 1113 1010 1179 πέντε
1029 1112 1202 1207 τάγματα,
1221 1121 1366 1205 χειμῶνος
1381 1115 1406 1179 ἐν

339 1226 468 1311 τροπαῖς
496 1220 599 1303 όντος,
622 1221 768 1312 ἱςαμένου
803 1204 978 1311 Ῑανουαρίου
1005 1220 1099 1310 μηνὸς
1117 1209 1131 1306 (
1148 1217 1237 1298 οὗτος
1258 1212 1289 1286 θ’
1315 1213 1405 1293 ἀνείη

338 1316 514 1393 Ποσειδεὼν
528 1314 726 1411 Ᾰθηναίοις),
738 1327 852 1417 ἀρῆκεν
864 1324 905 1404 εἰς
917 1326 955 1392 τὸ
968 1326 1113 1421 πελαγοςι
1126 1325 1178 1392 καὶ
1191 1317 1212 1392 θ
1214 1320 1347 1392 ιαθαλὼν
1360 1326 1405 1393 τὸν

338 1416 450 1515 Ῑόνιον,
464 1413 576 1525 ῥρικον
595 1434 647 1501 καὶ
666 1423 868 1500 Ᾱπολλωνίαν
891 1416 1050 1525 αῖρεῒ3,τά
1069 1425 1104 1499 δὲ
1124 1438 1218 1499 πλοῖα
1234 1432 1326 1499 πάλιν
1340 1432 1405 1499 ἀτί-

337 1535 456 1629 πεμψιν
472 1538 513 1615 εἰς
530 1542 710 1631 Βρεντιίσιον
730 1539 781 1605 ἐπὶ
795 1540 866 1617 τοὺς
883 1537 1083 1632 θςερίσαντοις
1099 1548 1139 1632 τῇ
1156 1538 1265 1631 πορείᾳ
1282 1541 1404 1633 ςρατιό·

336 1670 405 1721 τας.
422 1644 463 1710 Οί
480 1636 527 1729 θ’,
542 1642 614 1741 ἀχρι
630 1649 683 1739 μὲν
699 1647 767 1713 καθ’
777 1637 857 1722 ,ὁδὸν
872 1642 968 1727 ἦσαν,
984 1644 1039 1712 άτε
1054 1636 1093 1718 θη
1113 1645 1165 1711 καὶ
1179 1644 1403 1738 παρηκμακότες

336 1741 398 1826 ἤδη
417 1758 482 1829 τοῖς
506 1755 644 1844 σώμασι,
659 1753 711 1821 καὶ
728 1754 803 1845 πρὸς
818 1749 861 1817 τά
883 1751 984 1826 πλήθη
1000 1762 1062 1819 τῶν
1075 1738 1239 1843 πολέμων4
1253 1751 1403 1844 ἀπειρηκό-

337 1884 404 1941 τες,
418 1860 448 1923 ε’ν
465 1857 576 1939 αἰτίαις
590 1856 669 1952 εἶχον
685 1859 738 1926 τόν
751 1858 905 1952 Καίσαρα·
928 1887 945 1922 ιι
963 1860 1029 1926 Ποῖ
1036 1849 1153 1942 θὴ,καὶ
1167 1859 1242 1951 πρὸς
1256 1856 1291 1925 τί
1302 1860 1401 1949 πέρας,

342 1993 359 2028 ιι
376 1967 458 2056 ἡμᾶς
485 1970 501 2032 ὁ
524 1966 598 2060 ἀνὴρ
620 1966 845 2048 καταθήσεται,
868 1966 1034 2058 περιφέρων
1060 1964 1112 2032 καὶ
1137 1968 1292 2057 χρώμενος
1314 1968 1400 2055 ὥσπερ

341 2099 358 2135 ιι
376 2070 520 2163 ἀτρύτοις
534 2072 585 2139 καὶ
600 2071 729 2163 ἀψύχοις
744 2076 834 2163 ἡμῖν,
849 2070 901 2137 καὶ
914 2062 1038 2165 σίδηρος
1056 2066 1183 2163 ἐξέκαμε
1197 2078 1347 2167 πληγαῖς,
1360 2068 1402 2137 καὶ

340 2206 358 2240 ιι
377 2175 482 2270 θυρεοῦ
499 2204 546 2255 τις
570 2177 617 2255 ἐςὶ
638 2168 734 2269 ρειθὼ
761 2179 791 2243 ἐν
813 2178 913 2271 χρόνῳ
936 2180 1078 2264 τοσούτῳ
1100 2177 1152 2244 καὶ
1177 2176 1324 2271 θώρακος·
1346 2168 1403 2244 οὐθ’

340 2312 357 2347 ιι
375 2282 437 2349 ἀπὸ
456 2292 518 2349 τῶν
539 2284 725 2377 τραυμάτων
746 2279 806 2376 ἀρα
819 2278 977 2377 λογίζεται
992 2287 1132 2377 Καῖσαρ,
1151 2286 1201 2352 ὅτι
1221 2284 1338 2359 θνητῶν
1357 2283 1401 2376 μὲν

340 2418 357 2451 ιι
376 2383 479 2481 ἀρχει,
495 2387 591 2464 θνητὰ
606 2382 641 2457 δὲ
658 2394 834 2481 πεφύκαμεν
849 2389 978 2481 πάσχειν
991 2391 1043 2457 καὶ
1057 2376 1197 2485 ἀλγεῖν5;
1212 2394 1293 2485 ὥραν
1310 2382 1343 2457 θὲ
1355 2415 1403 2481 χει-

340 2525 358 2560 ιι
375 2502 475 2587 μῶνος
489 2496 540 2565 καὶ
555 2488 729 2591 πνεύματος
747 2499 777 2562 ἐν
793 2494 933 2591 θαλάττῃ
956 2499 1059 2591 καιρὸν
1079 2488 1151 2564 οὐδὲ
1175 2498 1234 2586 θεῷ
1258 2492 1403 2582 βιάζεσθαι

339 2630 357 2667 ιι
376 2595 519 2670 δυνατόν·
539 2605 608 2671 ἀλλ’
626 2602 716 2681 οὗτος
732 2598 983 2698 παραύάλλεται,
1002 2603 1137 2698 καθάπερ
1159 2609 1194 2671 ού
1216 2597 1337 2672 θιώκων
1353 2630 1401 2670 πο·

339 2737 357 2773 ιι
373 2707 515 2797 λεμίους,
529 2708 610 2778 ἀλλά
629 2712 758 2804 φεύγων.
778 2739 796 2774 υ
819 2713 960 2777 Τοιαῦτα
976 2711 1118 2805 λέγοντες
1136 2713 1318 2805 ἐπορεύοντο
1338 2735 1401 2802 σχο·

331 2815 426 2893 λαίως
435 2803 475 2894 είς
486 2819 523 2885 τὸ
534 2819 728 2911 Βρεντιόσιον.
738 2801 784 2894 Ως
798 2809 828 2882 θ’
840 2817 977 2894 ελθύντες
988 2815 1072 2910 εὗρον
1085 2817 1254 2910 ἀνηγμένον
1270 2819 1325 2885 τὸν
1339 2813 1402 2882 Καί-

334 2947 431 3014 σαρα,
441 2923 522 3012 ταχὺ
531 2922 623 2990 πάλιν
636 2920 672 2989 αὖ
688 2917 934 3015 μεταόαλόντες,
948 2917 1086 3003 ἐκάκιζον
1096 2925 1241 3007 ἑαυτοὺς,
1255 2916 1401 3019 προδότας

277 3067 281 3076 x
315 3090 317 3096 ,
333 3029 561 3108 ἀποκαλοῦντες
578 3039 635 3096 τοῦ
650 3028 886 3122 αὐτοκράτορος.
908 3014 1060 3108 Εκάκιζον
1080 3021 1115 3094 δὲ
1136 3030 1187 3096 καὶ
1205 3031 1280 3109 τοὺς
1299 3029 1410 3126 ηγεμό·’

327 3161 407 3220 νας,
430 3138 487 3202 οὐκ
513 3137 758 3226 ἐπιταχύναντας
786 3139 842 3210 την
865 3134 999 3227 πορείαν.
1024 3135 1200 3227 Καθόμενοι
1222 3127 1253 3202 θ’
1273 3138 1325 3205 ε’πὶ
1349 3144 1399 3202 τῶν

334 3239 434 3333 ἀκρων
451 3227 526 3335 πρὸς
539 3243 577 3310 τὸ
591 3242 724 3335 πελαγος
737 3241 790 3308 καὶ
807 3245 864 3315 τὴν
883 3219 1030 3335 Ιθπειρον,
1044 3241 1238 3310 ἀπεσκόπουν
1251 3242 1311 3322 τὰς
1323 3252 1400 3328 ναῦς,

333 3349 379 3441 ἐφ’
393 3345 433 3413 ὧν
448 3349 572 3440 ἔμελλον
592 3348 788 3442 περαιοῦσθαι
799 3351 876 3440 πρὸς
895 3349 1016 3414 ἐκεῖνον.
1069 3340 1075 3359 ’

385 3455 584 3524 XXXVIII.
599 3441 642 3520 Εν
659 3445 689 3519 θ’
706 3444 895 3542 Ᾱπολλωνίορ
914 3456 1056 3546 Καῖσαρ,
1073 3459 1128 3522 οὐκ
1145 3457 1222 3546 ἔχων
1242 3449 1399 3550 ἀξιόμαχον

333 3565 390 3636 την
406 3560 471 3654 μεθ’
486 3567 596 3629 ἑαυτοῦ
611 3552 759 3652 δύναμιν,
776 3551 986 3653 βραθυνοῢσης
1006 3551 1041 3628 δὲ
1059 3572 1115 3638 τῆς
1132 3561 1260 3647 ἐκεῖθεν,
1277 3560 1398 3656 ἀπορού·

377 3791 401 3826 1.
416 3772 481 3826 Caes.
494 3769 528 3824 de
539 3773 570 3825 B.
586 3770 719 3837 C.111,1.
734 3770 806 3825 Suet.
819 3771 849 3824 in
893 3771 994 3843 teffiges
1018 3770 1052 3825 de
1072 3790 1180 3844 aggere,
1201 3773 1285 3841 vallo,
1313 3774 1398 3828 itinere

333 3854 349 3907 J
351 3853 386 3906 ul.
403 3852 469 3907 Caes.
483 3869 568 3904 πιπτει.
892 3853 974 3923 longo
983 3864 1011 3905 et
1021 3853 1074 3904 cito
1084 3850 1222 3917 faciendo,
1235 3867 1288 3907 etc.

375 3953 401 3985 α.
417 3932 468 3988 Ἰθν
479 3935 610 4003 λεγομένην
624 3925 802 4001 θικτατωρίαν.
936 3934 961 3984 5.
969 3931 1058 3988 Θνητίι
1069 3936 1176 4000 πάσχειν
1189 3947 1216 3986 et
1225 3936 1307 4005 ἀλγεῖν
1322 3945 1359 3986 est
1371 3948 1396 3983 ει

376 4014 401 4066 3.
417 4010 536 4082 ΙΗγιίόίε
550 4011 649 4064 Graecae
659 4009 768 4083 oppida.
892 4012 998 4083 pati‚et
1012 4010 1185 4084 dolere‚quae
1199 4015 1355 4068 mortalibus
1363 4009 1410 4063 εί·

373 4100 399 4162 4.
417 4091 547 4146 Nonnulli
561 4092 699 4162 πολεμίων,
716 4090 789 4162 quod
804 4091 848 4144 in·
893 4093 946 4145 fert
956 4089 1076 4147 conditio
1090 4093 1218 4148 mortalis.
1477 4080 1478 4093 ί
