3000 5025
231 493 536 561 INTERPRES
564 492 797 561 GRAECUS.
826 492 922 559 LIB.
951 494 1041 562 VII.
1099 494 1173 590 497

91 653 94 661 ·
117 619 151 686 ὧν
169 623 195 690 οἱ
212 623 264 715 μὲν
283 611 410 702 Εδουεῖς
433 616 577 718 οὐδεμίαν
601 626 713 692 τούτου
734 625 906 717 ἐπιμελειαν
929 629 1124 719 ποιούμενοι,
1143 636 1177 696 οὐ

117 733 222 805 πολλὴν
238 731 384 823 ὠφέλειαν
408 738 562 824 παρεῖχον·
584 732 611 797 οἱ
631 723 665 798 δὲ
683 731 784 814 Βύϊοι,
802 735 852 798 ύτι
867 757 900 798 τι
920 735 954 798 ού
977 733 1079 800 πολλὰ
1098 730 1177 825 εἶχον

109 839 268 928 χρήματα,
286 837 336 904 καὶ
351 843 370 912 ἡ
389 839 478 917 πύλις
497 841 597 904 αὐτῶν
617 836 652 912 ἦν
672 837 781 932 ὀλίγη,
797 835 817 904 ἀ
838 833 939 930 εἶχον,
955 839 1045 917 εὐθὺς·
1058 841 1179 915 ἀνηλω-

42 1005 45 1012 ,
117 964 176 1008 σαν.
194 929 234 1008 Εν
253 952 352 1037 πολλγ
370 935 400 1008 δ’
415 943 543 1038 ἀπορίᾳ,
565 936 618 1011 διά
637 972 672 1012 τε
692 925 748 1019 τλν
771 952 833 1010 τῶν
852 942 948 1012 Βοῖων
971 938 1107 1030 ἔνδειαν,
1129 950 1180 1015 καὶ
1250 946 1264 955 ”

116 1048 165 1120 τθν
184 1060 242 1116 τῶν
258 1037 399 1118 Εδουέων
425 1052 587 1143 ἀμέλειαν,
611 1051 662 1118 καὶ
681 1043 790 1118 διὰτὸ
811 1052 887 1144 πρὸς
906 1054 1049 1139 τούτοις,
1072 1059 1111 1133 ὡς
1131 1061 1182 1121 καὶ

116 1145 170 1227 θδη
191 1155 329 1250 είπομεν,
346 1157 451 1226 πάντα
474 1157 515 1224 τὰ
535 1149 773 1251 οἰκοδομήματα
798 1159 858 1225 ὑπὸ
878 1169 940 1225 τῶν
961 1159 1088 1226 Γάλλων
1111 1187 1183 1227 καυ·

115 1255 210 1349 θῆναι,
227 1265 424 1342 καταςάντος
445 1259 501 1332 τοῦ
524 1275 586 1332 τῶν
612 1250 762 1356 Ρωμαίων
785 1267 1016 1358 ςρατεύματος,
1030 1270 1092 1343 ὥςε
1110 1270 1182 1346 τοὺς

116 1372 284 1459 ςρατιώτας
304 1370 353 1438 ἐπὶ
374 1369 491 1449 πολλὰς
513 1373 628 1463 ἡμέρας
651 1379 735 1438 σῖτον
759 1375 815 1438 οὐκ
838 1373 932 1462 ἔχειν,
952 1369 1033 1440 ἀλλά
1056 1381 1121 1452 τοῖς
1149 1377 1184 1441 ἐκ

117 1482 172 1538 τῶν
193 1470 384 1570 πορρωτάτω
404 1485 514 1570 κωμῶν
536 1478 694 1574 ἀγομένοις
719 1481 908 1569 βοσκήμασιν
927 1479 1043 1573 ἐσχάτῃ
1072 1479 1184 1574 ἀπορίᾳ

117 1580 318 1676 ἐγκαρτερεῖν,
337 1575 435 1662 οὐδεὶς
450 1588 533 1676 ὅμως
554 1593 615 1652 τῶν
635 1594 816 1678 ςρατιωτῶν
837 1585 908 1661 ἔπος
930 1611 982 1666 τι,
1002 1588 1058 1653 τού
1083 1614 1117 1654 τε
1138 1613 1187 1678 με·

117 1687 212 1779 γίθους
227 1699 289 1756 τῶν
309 1676 477 1783 Ρωμαίων,
492 1690 544 1757 καὶ
558 1703 618 1757 τῶν
635 1692 802 1783 ἔμπροσθεν
823 1695 923 1756 αὐτῶν
938 1699 1027 1757 νικῶν
1043 1687 1187 1778 ἀνάξιον,

117 1793 200 1862 εἰπεῖν
216 1798 360 1871 νἰκούσθιο·
377 1797 458 1864 ἀλλά
473 1803 590 1889 μοῖλλον
610 1797 661 1864 καὶ
679 1807 735 1864 τοῦ
756 1796 931 1890 Καίσαρος,
950 1798 975 1863 εί
998 1793 1114 1892 θαρέως
1129 1802 1185 1873 τὴν

117 1901 236 1996 ἀπορίαν
255 1906 374 1978 ταύτην
391 1907 535 1997 Ιφέροιεν,
554 1903 723 1970 παύσεσθαι
744 1915 801 1982 τῆς
829 1904 1021 1996 πολιορκίας,
1042 1906 1187 2000 λέγοντος

119 2010 229 2097 αὐτοῖς,
244 2013 420 2103 σύμπαντες
435 2015 601 2102 αὐτοῦ,μή
619 2021 713 2078 τοῦτο
728 2013 882 2093 ποιύσειε,
898 2012 1075 2104 ἐγκειμένως
1090 2003 1189 2079 ἐδέον-

118 2139 150 2178 το
164 2119 321 2195 τοιούτους
337 2119 390 2211 μὲν
410 2122 487 2210 σφοῖς
509 2118 577 2210 περὶ
594 2121 704 2184 ἐκεῖνον
724 2114 827 2184 πολλὰ
848 2118 902 2189 ἔτη
926 2126 1008 2207 σρῶν
1025 2144 1187 2212 ςρατηγη-

118 2219 238 2313 σύμενον
257 2217 493 2321 διαμεμνῆσθαι
516 2226 678 2318 λέγοντες,
698 2229 760 2302 ὥςε
779 2214 923 2316 ούδεμίας
943 2217 1069 2302 ἀδοξίας
1088 2220 1189 2305 ἀξίους

118 2330 264 2420 γενέσθαι,
276 2332 329 2398 καὶ
343 2323 512 2423 οὐδαμόθεν
527 2331 704 2424 ἀπράκτους
719 2333 901 2422 ἀποχωρεῖν·
914 2341 1009 2398 τοῦτο
1023 2320 1053 2398 δ’
1064 2323 1190 2411 ἀδοξίας

119 2440 189 2525 σφοῖς
203 2442 291 2533 χώρᾳ
312 2431 385 2517 ἕξειν
408 2440 538 2530 ἔφασαν,
554 2436 590 2510 ’ἢν
610 2448 665 2516 τῆς
691 2433 867 2531 πολιορκίας
885 2439 1075 2531 παυσάμενοι
1094 2441 1193 2506 ἐντεῦ-

118 2540 161 2609 θεν
182 2546 395 2639 ἀποχωρῶσιν·
416 2543 550 2636 ἐσχάτην
575 2571 598 2636 μ

120 2651 212 2718 ταύθα
227 2656 404 2747 σύμπαντες
418 2651 647 2741 κατακεκόφθαι
662 2649 885 2743 προαιρεῖσθαι,
898 2650 917 2723 ἢ
934 2659 999 2727 τοῖς
1017 2654 1047 2716 ἐν
1068 2662 1109 2745 τῇ
1130 2655 1154 2717 Γ
1157 2679 1190 2719 ε-

118 2752 196 2845 νάύῳ
217 2760 349 2853 αἰσχρῶς
367 2761 427 2826 ὑπὸ
451 2768 512 2825 τῶν
533 2757 659 2824 Γάλλων
684 2755 849 2847 φονευθεῖσι
871 2756 1014 2834 πολίταις
1037 2742 1190 2850 Ῥωμαίοις

48 2884 50 2889 ·
120 2866 157 2953 μθ
176 2860 320 2961 ἐναγίζεν.
342 2862 453 2933 Ταθτά
474 2856 509 2930 δὲ
529 2864 580 2931 καὶ
600 2872 663 2941 τοῖς
679 2869 841 2957 λοχαγοῖς,
857 2863 908 2930 καὶ
927 2872 991 2940 τοῖς
1013 2857 1191 2957 ταξιάρχοις

118 2970 281 3065 ἑλεγον,ἵν’
297 2972 445 3055 αθτοὶτῷ
460 2970 594 3063 Καίσαρι
611 2969 847 3063 ἀπαγγείλωσιν.
896 2991 898 2995 ·
1167 3048 1174 3060 Ι

167 3082 298 3150 XVIII.
325 3058 395 3147 Ιθδη
422 3071 456 3145 δὲ
476 3088 532 3146 τοῦ
550 3088 607 3155 τῆς
629 3078 746 3154 πόλεως
769 3076 890 3167 τείχους
913 3077 941 3143 οἱ
960 3087 1022 3142 τῶν
1040 3062 1190 3171 Ῥωμαίων

119 3187 224 3280 πύργοι
236 3178 435 3273 ἐπλησίαζον,
450 3185 527 3253 καὶὸ
538 3188 659 3276 Καῖσαρ
673 3185 726 3250 τὸν
740 3183 1007 3277 Βεριιιγχετύρυγα
1019 3183 1143 3269 πάντα,
1158 3185 1191 3253 ὂν

120 3284 191 3383 εἶχε,
206 3295 293 3385 χιλὸν
309 3286 567 3375 ἐξαναλώσαντα,
581 3293 743 3385 ἐγγύτερον
760 3290 813 3381 μὲν
828 3299 885 3366 τῆς
901 3278 1058 3381 Ᾱύαρίκου
1073 3292 1191 3371 πόλεως

121 3390 521 3492 μεταςρατοπεδεύσασθαι,
540 3401 649 3464 ἐκεῖνον
675 3390 710 3462 δὲ
733 3400 810 3464 ὅπου
828 3395 1011 3490 τῇύςεραίορ
1030 3387 1100 3476 τοὺς
1123 3384 1191 3463 Ρω-

121 3504 224 3594 μαίους
249 3504 300 3573 ἐπὶ
323 3507 408 3597 χιλὸν
434 3504 631 3599 πορεύσεσθαι
659 3510 785 3597 ἠγεῖτο,
803 3502 935 3569 ἐνταῦθα
962 3503 1014 3567 σὺν
1041 3503 1125 3598 πάσῃ
1152 3516 1193 3580 τῆ

118 3612 164 3679 ίπτ
178 3639 219 3699 ῳ,
232 3610 285 3679 καὶ
300 3607 438 3691 εὐζώνοις
461 3610 539 3677 τισὶν
562 3600 711 3700 ἀνδράσι,
727 3606 884 3702 μετὰτῶν
904 3610 1018 3676 ἱππέων
1043 3610 1193 3702 μάχεσθαι

119 3716 249 3802 εἰωθόσι,
266 3709 388 3812 ἐνέδραν
410 3715 550 3800 καθίσαι,
563 3715 648 3809 παρὰ
669 3724 729 3782 τῶν
753 3714 1097 3808 κατασκάπωνμαθὼν,
1114 3718 1193 3812 ἀμφὶ

121 3825 211 3912 μέσας
229 3827 343 3903 νύκτας
362 3834 432 3919 σιγῇ
453 3821 533 3916 μετὰ
553 3832 611 3889 τοῖι
631 3824 847 3914 ςρατεύματος
868 3825 903 3889 ἐκ
920 3832 977 3889 τοῦ
996 3817 1192 3915 ςρατοπέδου

120 3932 229 3998 ἑαυτοῦ
245 3924 387 4018 ἐξελθὼν,
406 3930 456 3998 ἐπὶ
473 3933 510 3997 τὸ
533 3937 594 3996 τῶν
614 3927 768 4020 πολεμίων
787 3923 868 4019 πρωῒ
894 3930 1075 4019 ἀφικνεῖται.
1093 3932 1133 3995 Οἱ
1157 3925 1192 3999 δὲ

121 4037 233 4105 Γάλλοι
258 4028 312 4104 διὰ
336 4049 397 4105 τῶν
422 4036 628 4103 κατασκόπων
659 4034 777 4126 τάχιςα
802 4038 859 4107 τὴν
885 4035 997 4103 ἐκείνου
1027 4038 1193 4131 ἐρύρμησιν

32 4192 34 4201 ,
122 4144 263 4235 γνύντες,
278 4142 320 4211 τά
335 4144 388 4236 μὲν
404 4146 574 4236 σκευοφόροι
588 4149 687 4233 σφῶν,
700 4139 751 4208 καὶ
768 4136 822 4217 τὰς
839 4136 960 4234 ἀμάξας
975 4142 1014 4220 εἰς
1030 4136 1196 4213 δασύτατα

171 4279 242 4343 ΙΙΙ.
645 4344 673 4395 χ
962 4272 1007 4343 32
