3000 5025
299 470 348 542 ῳ
518 394 1156 515 innosrconuen'rsnn
1249 383 1251 388 ⁵

298 579 451 649 hostem:
473 602 642 673 quumque
658 576 723 648 hac
742 576 827 645 fixus
841 577 878 643 in
885 577 1051 644 sententia
1069 589 1294 669 permaneret,
1310 595 1377 643 nec

299 684 411 754 divelli
432 700 560 780 posset,
579 686 746 771 Titurius,
773 698 807 752 et
827 683 969 751 tribunis
991 681 1133 750 militum
1154 695 1188 749 et
1209 682 1378 749 centurio·

300 792 397 868 nibus
420 794 512 888 sequi
530 793 643 885 jussis,
665 792 726 859 ivit
743 792 814 885 ipse
836 814 903 883 quo
920 788 1157 875 destinaverat,
1177 802 1212 856 et
1228 813 1296 881 quo
1310 806 1378 855 'sua

300 896 395 967 illum
415 922 486 967 sors
504 898 668 968 trahebat.
678 898 860 991 Quumque
879 895 923 991 ad
938 885 1165 989 Ambiorigem
1177 896 1380 989 propinqua-

299 1017 369 1091 ret,
375 1004 471 1097 jussit
482 1004 536 1072 ille
548 1005 610 1073 sibi
624 1004 776 1099 inprimis
789 1013 829 1075 ut
840 1026 934 1070 arma
944 1001 1144 1097 deponeret;
1163 1015 1216 1088 et,
1231 994 1270 1091 (ο
1282 1001 1379 1095 pejus

299 1125 424 1203 morte,
444 1126 465 1179 ο
485 1113 644 1181 Caesareis
665 1112 767 1179 annis
788 1111 956 1177 insuetum
978 1100 1167 1195 dedecusl)
1190 1109 1301 1201 paruit
1312 1108 1379 1175 hac

300 1217 335 1283 in
355 1242 391 1285 re
412 1217 546 1286 barbari
557 1219 697 1312 imperio
714 1219 902 1302 Romanus,
915 1230 950 1284 et
970 1240 1088 1310 parere
1101 1216 1239 1292 comites
1253 1238 1380 1308 praece-

203 1351 211 1361 ,
300 1318 370 1416 pitl
393 1325 481 1392 Tum
504 1323 640 1393 demum
660 1348 738 1392 cum
754 1324 879 1391 'inermi
894 1318 935 1390 de
952 1314 1042 1416 pacis
1064 1320 1309 1403 conditionibus
1323 1322 1380 1415 agi

299 1444 472 1524 coeptum:
495 1454 664 1525 quumque
684 1429 726 1498 de
748 1428 910 1499 industria
931 1428 1083 1522 proditor
1103 1443 1235 1522 tempus
1257 1427 1379 1514 trahit,

302 1534 495 1605 circumfusi
515 1536 635 1605 sensim
657 1535 792 1604 barbari
813 1536 987 1603 Titurium·
1003 1534 1226 1621 obtruncant3
1244 1535 1301 1628 qui
1327 1558 1381 1602 se·

301 1666 378 1710 cum
397 1643 563 1730 exierant,
585 1656 710 1736 quanta
731 1652 874 1737 possunt
896 1640 939 1709 ad
958 1666 1036 1709 suos
1056 1638 1381 1727 celeritate,confi1·

302 1749 405 1842 giunt.
425 1752 547 1817 Hostes
561 1748 736 1817 barbarico
752 1746 882 1815 ululatu
895 1748 1069 1815 victoriam
1083 1745 1333 1815 conclamantes
1345 1748 1380 1815 in

302 1856 473 1924 Romanos
498 1869 616 1942 ruunt,
635 1878 702 1922 una
716 1853 811 1922 vallis
827 1867 922 1947 parte
942 1852 1147 1940 condensos,
1164 1853 1300 1948 jamque
1322 1854 1380 1921 vix

303 1962 466 2055 impetum
481 1962 697 2047 sustinentes3
709 1959 756 2028 ibi
770 1957 1016 2028 Aurunculeius
1031 1962 1132 2031 Cotta
1143 1958 1321 2028 fortissime
1330 1959 1382 2027 di-

302 2068 429 2135 micans
454 2066 648 2151 oceiditur,
663 2067 714 2133 vir
741 2065 833 2134 baud
861 2064 981 2159 dignus
1004 2067 1061 2159 qui
1090 2065 1205 2134 alienae
1233 2064 1382 2136 stultitiae

301 2197 417 2267 poenas
439 2168 552 2241 daret!
576 2171 675 2242 Multi
696 2172 750 2240 alii
777 2187 960 2267 praeterea,
985 2174 1073 2241 inter
1093 2198 1177 2266 quos
1199 2172 1263 2242 fuit
1284 2174 1383 2241 Luci·

302 2278 376 2347 dius
402 2278 603 2353 Petrosidius
628 2277 805 2365 vexillifer3
834 2279 933 2347 tunsa
966 2281 1213 2349 circumventus
1233 2280 1383 2373 ingenti,

303 2385 463 2478 aquilam,
486 2410 528 2453 ne
549 2385 611 2455 sibi
634 2393 892 2479 extorquerent,
913 2411 1017 2479 quum
1028 2388 1064 2453 in
1078 2379 1187 2455 castra
1202 2386 1382 2478 jactasset,

302 2493 373 2586 ipse
396 2517 559 2587 generoso
580 2494 707 2587 impetu
725 2491 842 2561 mediis
861 2517 932 2562 sese
945 2492 1097 2562 hostibus
1114 2492 1260 2563 inferens
1278 2508 1384 2563 occu*

303 2597 384 2668 buit.
408 2599 530 2668 Milites
552 2599 697 2690 ducibus
726 2598 873 2694 spoliati,
894 2598 1000 2668 multo
1027 2598 1142 2668 labore
1166 2623 1206 2669 ac
1232 2601 1383 2688 virtute,

303 2728 408 2799 usque
428 2706 471 2780 ad
483 2720 645 2794 noctem,
659 2705 789 2792 locum,
811 2705 869 2774 ubi
885 2707 1127 2792 constiterant,
1148 2704 1383 2776 defenderunt.

303 2813 412 2882 Nocte
432 2826 561 2900 autem,
579 2813 753 2907 desperata
761 2811 908 2906 undique
924 2812 1045 2900 salute,
1059 2837 1103 2880 ne
1120 2814 1238 2880 vivi'in
1259 2837 1384 2882 manus

303 2917 450 2986 hostium
463 2921 708 3013 pervenirent,
721 2918 874 2987 indomiti
887 2920 1029 3013 <spiritus
1050 2943 1121 2988 sese
1140 2943 1255 2988 omnes
1273 2922 1385 2988 mani-

304 3022 367 3094 bus
391 3026 534 3118 propriis
552 3039 781 3119 peremerunt,
810 3039 932 3119 praeter
959 3049 1084 3120 paucos
1106 3028 1180 3119 qui,
1203 3050 1264 3121 per
1290 3025 1385 3095 diem

304 3129 418 3224 praelio
436 3129 574 3225 dilapsi,
600 3132 734 3200 incertis
750 3131 830 3200 hinc
845 3130 922 3199 inde
934 3133 1150 3219 tramitibus,
1170 3131 1213 3201 ad
1232 3131 1383 3226 legatum

304 3235 424 3326 alium,
448 3238 786 3325 Titumbabienum,
803 3238 914 3306 tristes
935 3239 1043 3306 nuntii
1064 3253 1311 3333 precesserant.
1337 3242 1388 3310 Et

304 3342 359 3413 hie
393 3343 527 3437 quidem
558 3343 709 3413 infaustae
738 3343 876 3438 legionis
906 3345 1058 3414 interitus
1090 3345 1176 3432 fuit,
1202 3347 1290 3414 inter
1311 3360 1384 3418 tres

305 3448 382 3520 belli
402 3452 530 3519 externi
540 3450 759 3520 adversitates
781 3452 1181 3540 Caesareasnumeratus3
1196 3451 1384 3522 ubiadm0-·

305 3557 416 3626 nuisse
436 3556 595 3626 lectorem
618 3557 734 3644 velim,
753 3555 844 3650 quod
866 3557 1285 3653 SuetoniusTranquillus,
1306 3583 1385 3630 auc-

306 3676 360 3731 tor
383 3665 611 3753 certissimus,
641 3667 889 3734 Germanorum
921 3665 987 3735 hoc
1016 3667 1051 3733 in
1075 3664 1197 3734 finibus
1221 3665 1384 3736 accidisse

305 3771 371 3838 ait:
393 3769 499 3840 Julius
518 3786 629 3839 autem
652 3768 784 3858 Celsus,
809 3795 921 3842 comes
944 3785 978 3840 et
1004 3773 1062 3865 qui
1082 3771 1181 3840 rebus
1207 3771 1383 3862 interfuit,

304 3874 503 3948 Eburonum
525 3878 558 3944 in
573 3875 698 3945 ,finibus
710 3875 843 3946 factum:
852 3878 964 3947 refert
976 3881 1055 3949 Non
1068 3893 1120 3948 est
1129 3893 1242 3952 autem
1256 3902 1383 3973 magna

305 3981 482 4070 dissensio,
504 4007 607 4076 quum
629 3998 760 4052 ettunc
773 3987 988 4059 conterminae
1005 3987 1157 4056 nationes
1169 4000 1295 4073 essent,
1308 4009 1383 4053 om·

305 4112 429 4184 nesque
446 4089 546 4161 hodie
561 4093 628 4160 sint
642 4093 811 4168 Germani.
823 4095 903 4163 Post
916 4093 989 4162 haec
1000 4092 1171 4169 Ambiorix
1185 4093 1384 4189 iniquissimi
