3000 5025
348 464 419 559 178
521 460 523 463 ·
561 466 589 532 J.
619 462 776 533 censi
803 460 1195 530 connsnman

340 600 486 665 mitteret
503 620 690 682 accessum,
704 620 767 663 nec
783 595 1007 689 permitteret:
1022 593 1102 662 binc
1118 594 1210 687 pacis
1227 591 1420 687 desperatio

336 716 372 771 et
395 702 471 771 belli
489 701 694 796 praeludium.
709 703 766 791 ΙΜ.
784 702 1045 771 Antoniuscum
1058 700 1204 793 quinque
1220 700 1420 771 cohortibus

335 811 528 877 Auximium
543 810 739 902 praemissus.
750 810 832 875 Erat
849 808 993 877 Auximii
1013 808 1157 875 civitatis
1170 806 1214 875 ad
1228 806 1418 877 custodiam

329 917 446 1007 ,Attius
459 900 584 1002 Varus,
603 939 702 1007 quem
721 913 918 991 decuriones
934 914 1123 986 Auximiani
1142 938 1273 982 summo
1289 913 1419 984 adeunt

334 1045 521 1107 consensu,
540 1022 656 1107 dicunt
677 1036 794 1089 nouem
813 1019 882 1088 sibi
902 1022 1052 1090 Coesarts
1072 1019 1278 1105 adventum
1302 1044 1418 1116 neque

332 1152 414 1196 vero
427 1134 605 1224 propositi
617 1132 675 1195 sui
695 1152 770 1195 esse
786 1150 991 1219 suorumque
1004 1129 1138 1210 emtum,
1157 1150 1267 1220 neqtoe
1279 1130 1414 1197 Roma·

326 1258 410 1303 num
424 1234 550 1321 videri,
566 1240 805 1329 imperatorem
816 1234 945 1329 populi
962 1238 1115 1317 romani,
1143 1234 1251 1301 talem
1271 1238 1413 1323 ouum,

328 1347 379 1409 sie
398 1341 442 1409 de
462 1345 602 1436 z'nzperio
620 1346 790 1425 meritum,
808 1355 862 1408 tot
882 1344 1032 1408 uictoriis
1042 1343 1225 1431 insignem,
1241 1341 1415 1411 moenibus

329 1448 421 1517 zerbis
440 1454 564 1516 amicae
583 1454 710 1533 arcen',·
733 1463 839 1516 orant
858 1446 1042 1536 utfamae,
1062 1461 1102 1512 ut
1121 1468 1184 1522 suo
1204 1470 1414 1542 suorumque

326 1554 528 1640 ducranmt,
546 1554 626 1622 dum
643 1570 775 1649 tempus
785 1570 857 1639 est,
883 1552 1129 1627 consuleritis
1150 1567 1324 1646 permotus
1339 1557 1411 1623 Va-

326 1686 398 1746 rus,
418 1676 451 1728 et
472 1662 650 1753 perniciem
674 1662 809 1746 timens,
826 1659 940 1753 fugam
955 1660 1090 1753 arripit,
1103 1673 1139 1727 et
1154 1660 1410 1753 insequentibus

324 1769 464 1837 Caesaris
487 1766 662 1854 militibus,
685 1765 800 1860 praelio
821 1765 1000 1834 decernere
1023 1779 1176 1853 coactus,
1199 1789 1239 1835 ac
1255 1766 1408 1840 desertus

324 1898 343 1943 a
370 1876 453 1960 suis,
473 1872 562 1942 solus
580 1871 663 1959 abit,
681 1872 867 1965 quibusque
878 1896 996 1941 eorum
1011 1871 1170 1958 domum,
1188 1869 1259 1941 aliis
1271 1873 1315 1941 ad
1332 1876 1406 1945 Cae·

322 2004 430 2049 sarem
453 2004 488 2049 se
510 1978 779 2065 conferentibus3
808 2002 891 2072 quos
920 1980 991 2071 ipse
1023 1977 1233 2050 collaudatos
1259 1979 1405 2075 benigne

322 2088 481 2179 suscepit,
494 2099 527 2154 et
548 2087 586 2152 L.
611 2086 778 2177 Puppium
804 2085 1033 2153 centurionem
1054 2086 1158 2178 partis
1178 2085 1333 2164 adversm
1359 2089 1403 2157 ad

319 2216 355 2263 se
382 2191 563 2259 adductum
591 2189 680 2258 illico
702 2189 843 2258 relaxari
866 2214 907 2261 ac
941 2191 1062 2259 dimitti
1077 2191 1182 2284 jubet
1206 2193 1402 2272 Auximium

319 2299 501 2392 ingressus,
521 2296 650 2365 civibus
672 2298 795 2389 gratias
817 2298 902 2391 agit,
928 2311 1028 2392 atque
1059 2296 1191 2368 illorum
1213 2324 1295 2393 erga
1319 2324 1399 2392 eum

313 2406 464 2473 ‘caritatis
485 2404 578 2471 haud
602 2404 833 2473 immemorem
854 2427 889 2473 se
917 2401 1068 2472 futurum
1089 2404 1239 2499 spondet.
1263 2406 1398 2494 Quibus

317 2515 433 2580 Romae
456 2513 615 2605 cognitis,
640 2525 754 2580 tantus
781 2534 889 2605 pavor
917 2513 1066 2580 omnium
1096 2527 1225 2582 mentes
1242 2514 1398 2604 invasit,

315 2633 354 2686 ut
376 2619 459 2687 urbe
480 2617 548 2687 fere
570 2642 685 2688 ornnes
707 2617 923 2701 excederent,
949 2619 1077 2711 ipsique
1101 2618 1272 2705 consules,
1293 2635 1395 2714 atque

314 2727 384 2820 ipse
397 2727 590 2818 Pompeius,
602 2738 714 2792 actum
734 2724 802 2793 suis
814 2723 858 2792 de
876 2724 976 2794 rebus
986 2726 1177 2817 opinantes,
1188 2739 1221 2792 et
1236 2750 1277 2793 ex
1293 2729 1394 2798 unius

313 2830 429 2927 oppidi
449 2846 570 2900 eventu
593 2831 705 2898 omnia
731 2831 926 2916 metientes3
944 2832 1066 2899 mirum
1092 2829 1205 2918 valde,
1236 2831 1326 2900 unde
1358 2835 1392 2904 in

311 2953 380 3006 tam
399 2939 513 3031 parvis
534 2938 652 3004 animis
666 2950 734 3004 tam
754 2960 876 3031 magna
893 2937 1067 3029 superbia,
1089 2952 1128 3005 ut
1146 2937 1217 3029 ejus
1231 2939 1303 3009 ⁴viri
1322 2965 1391 3008 me·

310 3046 394 3113 ritos
415 3043 560 3112 honores
578 3041 781 3137 ac'gloriam
809 3057 878 3110 tam
905 3044 1119 3136 pertinaciter
1148 3042 1389 3134 detractarent,
1417 3054 1420 3062 ’

309 3151 403 3244 cujus
417 3175 480 3218 nec
504 3163 719 3243 conspectum
742 3163 850 3248 certe,
872 3172 936 3216 nec
963 3150 1119 3218 viciniam
1142 3152 1211 3244 pati
1229 3169 1386 3244 possent,

307 3273 341 3326 et
359 3259 517 3350 patriam,
535 3271 569 3323 et
580 3255 683 3324 talem
695 3257 854 3348 patriam,
865 3252 974 3324 solum
989 3254 1032 3324 ad
1042 3254 1136 3336 ,iltius
1149 3281 1292 3344 nomen,
1313 3262 1385 3328 uni·

307 3363 427 3432 versali
444 3365 633 3432 animorum
654 3362 932 3448 consternatione,
949 3360 1149 3437 desererent.
1166 3363 1231 3433 Sod
1244 3366 1386 3458 urgebat
1460 3350 1462 3413 ἶ

305 3470 385 3539 hinc
403 3468 555 3564 invidia,¹
569 3470 645 3538 inde
660 3483 776 3536 autem
789 3466 1043 3548 terrebattama
1055 3471 1137 3557 viri,
1153 3493 1383 3566 quatenusque

305 3589 471 3661 creverat,
490 3590 548 3663 ut,
560 3575 835 3645 clementissimus
851 3575 1018 3669 omnium,
1031 3601 1100 3669 prae
1114 3576 1270 3659 omnibns
1282 3593 1383 3672 atque

303 3683 521 3754 eburonibus
540 3683 722 3772 timeretur.
740 3681 801 3748 His
821 3679 865 3748 ad
883 3681 1073 3760 Auximium
1089 3685 1380 3776 gestis„Picenum

301 3815 418 3874 omne;
440 3789 534 3881 cujus
549 3788 628 3857 olim
637 3785 798 3855 Esculum
809 3841 819 3874 ,
831 3786 932 3856 hodie
948 3789 1136 3863 Aneonest
1156 3805 1274 3884 caput,
1288 3789 1379 3860 nullo

299 3893 743 3990 mquamneontradicente,
760 3908 981 3987 pervagatur,
1002 3894 1061 3976 sed
1086 3899 1214 3969 cunctis
1235 3897 1299 3966 sibi
1324 3922 1377 3966 ur·

297 4003 395 4073 bibus
417 3999 680 4095 atqueoppidis
697 4001 844 4070 obviam
869 4002 1104 4082 mittentibus:
1129 4002 1274 4098 Cingulo
1292 4029 1374 4098 quo·

286 4108 378 4208 que,
406 4107 497 4204 quod
523 4107 684 4202 oppidum
713 4132 778 4180 suo
806 4121 943 4201 sumptu
966 4109 1135 4195 Labienus
1164 4125 1376 4196 extruxerat,
