3000 5025
354 483 430 569 444
637 489 675 556 C.
704 489 852 554 JULII
879 485 1117 556 CAESARIS

353 612 474 692 καὶτῆς
488 625 570 706 σφῶν
591 619 621 682 ἐν
636 625 682 705 τῷ
695 617 963 710 πολέμῳπρόσθεν
978 604 1070 694 δόξης
1089 615 1324 709 ἀπὀςερηθῆναι.
1334 615 1410 706 Πρός

352 722 475 798 τούτοις
497 713 552 804 δὲ,
578 732 631 790 τόν
658 713 840 818 Ᾰμύιόρυγα
863 720 933 790 ἀνευ
957 722 1039 800 τινὸς
1062 713 1187 800 ἐλπίδος
1211 723 1264 789 τὸν
1286 721 1409 812 πόλεμον

337 821 589 912 Ιβουλεύσασθαι,
600 829 646 907 τίς
662 827 697 897 ἀν
711 829 874 922 νομίσειεν,
886 829 1024 920 ἀσφαλὴς
1039 829 1092 921 μὲν
1107 828 1185 911 ἐςὶν,
1197 829 1253 918 ἔφη
1262 880 1272 910 ,
1282 830 1310 894 ἐν
1325 825 1409 895 παντὶ

351 935 369 1003 ’θ
397 935 453 1024 ἐμὴ
476 938 592 1028 γνώμη·
614 936 638 1002 εί
664 936 717 1028 μὲν
737 935 796 1030 γὰρ
820 927 907 1002 οὐδὲν
934 925 1031 1002 δεινὸν
1052 928 1260 1025 συμύησεται,
1276 934 1409 1024 ἀσφαλῶς

350 1039 425 1130 πρὸς
446 1041 483 1106 τὸ
503 1040 631 1114 πλησίον
654 1040 763 1174 τάγμα
788 1037 965 1134 ἀφιξόμεθα
981 1066 1006 1106 ει
997 1031 1056 1106 ’δέ
1072 1038 1153 1132 μετὰ
1173 1049 1235 1106 τῶν
1257 1043 1407 1132 Γερμανῶν

349 1149 368 1218 η
393 1145 534 1213 Γαλατία
562 1152 667 1231 πάσα,
685 1153 724 1226 ὡς
743 1150 885 1242 λέγεται,
899 1148 1187 1241 ὁμογνωμονησει,’
1174 1172 1204 1212 εν
1229 1147 1306 1241 μόνη
1319 1153 1408 1213 κεῖται

347 1260 388 1344 τῇ
410 1254 567 1344 παχύτητι
585 1281 603 1327 η
623 1253 770 1348 σωτηρία.
786 1240 815 1320 ί)
840 1244 874 1320 δὲ
897 1278 953 1320 του
937 1253 1098 1336 Κόττα,
1116 1250 1167 1319 καὶ
1190 1263 1252 1319 τῶν
1271 1256 1327 1320 οὐκ
1350 1249 1408 1342 ἐμοὶ

237 1361 241 1367 ’
347 1360 641 1486 ὁμογνωμονούντων
654 1360 745 1454 λόγος
757 1359 850 1444 ,τίνα
862 1354 1047 1428 ἀπόύασιν*
1030 1385 1108 1450 εχει,
1122 1358 1147 1425 εἰ
1165 1359 1220 1450 μὲν
1241 1357 1299 1452 γὰρ
1318 1385 1335 1426 ο
1324 1352 1399 1435 ἐξα
1381 1384 1408 1424 α-

346 1463 435 1542 πίνης
453 1456 609 1550 κίνδυνος,
627 1459 734 1545 δεινός·
749 1466 830 1535 αλλά
851 1471 887 1561 γε’
906 1493 925 1545 η
917 1463 1150 1560 ’μακροχρσνία
1166 1463 1344 1557 πολιορκία,
1361 1463 1406 1531 καὶ

345 1577 407 1636 τῶν
429 1563 642 1644 ἐπιτηδείων’
624 1599 702 1666 απορ
706 1573 737 1640 ία
749 1567 899 1663 φούητέα.

397 1680 505 1744 XXX.
520 1663 622 1771 Ομέν
645 1674 830 1756 Σαύῖνος”
796 1706 893 1756 ουτως
917 1674 991 1746 εἶπε
1011 1687 1068 1746 τοῶ
1086 1670 1122 1744 δὲ
1136 1678 1267 1760 Κόττα,
1281 1676 1332 1745 καὶ
1349 1683 1403 1743 τῶν

343 1786 473 1874 πρώτων
487 1778 708 1878 ταξιάρχων’
676 1797 761 1873 αυτῷ
775 1785 929 1878 μάλιςα’
910 1786 1115 1877 ἀντεχόντων,
1124 1781 1204 1851 ἀλλά
1219 1781 1278 1879 γάρ
1292 1788 1404 1863 νικᾶτε,

343 1891 535 1981 ἐφη,ὑμεῖς,
554 1890 618 1960 ἐπεὶ
636 1854 789 1960 ύούλεσθε·
810 1891 863 1960 καὶ
883 1902 988 1960 ταῦτα
1010 1890 1127 1987 μεγάλῃ
1149 1901 1189 1984 τῇ
1214 1899 1300 1985 φωνῇ
1321 1883 1403 1970 ἐθόα,
1432 1906 1434 1910 “

342 1999 403 2072 ῶςε
432 1997 504 2075 τοὺς
531 1997 674 2077 πλείςους
700 2005 761 2066 τῶν
790 2010 972 2092 ςρατιωτῶν
1000 1987 1172 2075 ἐξακοῦσαι.
1198 2000 1246 2063 Οῶ
1272 1997 1325 2090 μὲν
1351 1993 1401 2090 γὰρ

342 2099 430 2180 οὗτος
450 2102 529 2194 εἰμὶ,
547 2107 614 2182 όςις
640 2106 693 2188 τὸν
719 2113 776 2171 ποῶ
801 2104 935 2178 θανάτου
962 2095 1100 2172 κίνδυνον
1123 2097 1156 2181 ἐξ
1181 2109 1266 2196 ὑμῶν
1292 2101 1402 2195 μαλιςα

340 2206 463 2275 ποίντων
488 2204 641 2302 φοόῶμαι·
662 2209 747 2278 οὗτοι
773 2201 808 2277 δέ
833 2213 1024 2304 φρονούντων
1042 2209 1071 2278 οἱ
1088 2217 1284 2302 ςρατιῶται,
1296 2208 1346 2276 καὶ
1358 2211 1399 2274 εύ-

339 2311 428 2392 θύνας
461 2314 523 2382 ἀπὸ
553 2326 624 2399 σοῶ,
646 2315 673 2384 εἴ
707 2342 739 2383 τι
770 2307 869 2385 δεινὸν
901 2315 1023 2394 ἐκείνοις
1044 2310 1168 2409 συμύῇ,
1182 2316 1398 2384 ἀπαιτούντων·

338 2413 383 2503 οἳ,
403 2420 427 2486 εἰ
456 2421 491 2487 σὺ
519 2431 570 2488 νῶν
597 2429 779 2519 συγχωρεῖς,
804 2424 880 2517 πρὸς
905 2422 948 2492 τά
971 2421 1108 2498 πλησίων
1133 2414 1284 2515 χειμάδια
1308 2424 1398 2515 αύριον

336 2528 594 2622 παραγενόμενοι,
609 2533 710 2605 κοινὴν
735 2529 901 2622 μετὰτῶν
924 2528 1025 2598 ἀλλων
1050 2539 1106 2598 τοῦ
1129 2531 1267 2622 πολέμου
1293 2535 1398 2622 ὑπομε·

335 2643 419 2700 νοῶσι
442 2637 554 2727 τύχην,
572 2637 687 2705 ἀλλὀὐ
713 2647 775 2703 τῶν
799 2633 916 2721 ἀλλων,
933 2642 973 2715 ῶς
1000 2638 1037 2704 σὺ
1058 2637 1207 2718 κελεύεις,
1231 2636 1397 2730 ἀποχωρισ-

336 2734 488 2825 θίντες,η
514 2743 672 2837 μαχαίρά,
694 2741 712 2817 ἢ
733 2750 815 2834 λιμῶ
838 2743 970 2838 αἰσχρῶς
996 2742 1190 2813 ἀποθανοῦσι.
1215 2742 1395 2836 Ταῶταμέν

334 2848 433 2926 οὕτως
447 2848 564 2941 ελέχθη.

389 2957 514 3021 XXXI
525 2941 740 3035 Εξαναςάντες
756 2947 785 3021 δ’
798 2956 905 3035 εῶθῶς’
893 2983 928 3025 εκ
936 2982 993 3035 της
1007 2954 1205 3035 ἐκκλησίας
1179 2983 1208 3024 οι
1221 2967 1396 3049 ςρατιῶτσι,

335 3058 648 3156 καὶάμφοτίρουςσυ
628 3057 858 3147 λαόοντες,
819 3068 1052 3157 μητησφωναυ
1054 3055 1174 3150 θαδείᾳ,
1187 3089 1240 3131 και
1227 3054 1394 3155 διαφοροις

335 3167 365 3230 ἐν
389 3166 506 3262 μεγίςιρ
528 3157 660 3256 κινδύνῳ
682 3171 720 3237 τὸ
742 3171 842 3239 κοινὸν
852 3175 992 3298 πρᾶγμα
1011 3172 1237 3254 καταςόσοιεν,
1260 3171 1393 3237 ἱκέτευον.

335 3264 511 3341 Τοῶτοδ’
493 3298 625 3395 εφασαν,
643 3266 776 3368 ρἀιύν’
764 3302 810 3354 ιςι
829 3276 867 3346 τὸ
871 3275 1058 3406 πράγμα,η
1076 3303 1099 3369 μ
1100 3278 1172 3343 νειν
1187 3304 1206 3349 η
1189 3270 1375 3358 ἐξιεναι,
1362 3298 1392 3347 ην

333 3378 425 3471 μόνον
449 3380 537 3447 αὐτοι
560 3388 807 3508 όμογνωμονητε
830 3381 1005 3451 τούναντίον
1027 3376 1082 3449 δ’
1071 3390 1155 3475 υμῶν
1178 3373 1392 3476 διαφερόντων,

332 3476 461 3578 οὐδεμία
484 3492 554 3580 ἡμῖν
577 3487 716 3579 φαίνεται
741 3488 888 3581 σωτηρία.
909 3493 998 3563 Αύτη
1019 3490 1073 3582 μὲν
1091 3492 1146 3566 ἕως
1167 3490 1268 3581 μέσων
1286 3493 1391 3557 νυκτῶν

331 3618 351 3665 η
378 3587 605 3684 ἀμφισύητησις
632 3598 853 3687 προεχώρησεν
882 3595 970 3673 τέλος
1003 3586 1070 3661 δ’ὁ
1098 3596 1267 3674 Κότπας
1249 3622 1292 3670 η
1271 3593 1391 3663 ττάσθαι

332 3702 548 3793 ὁμολογεῖται
569 3698 619 3767 καὶ
644 3726 700 3774 την
728 3711 786 3772 τοῶ
812 3694 980 3767 Σαύίνου
964 3726 1004 3779 ως
1032 3711 1204 3792 κρατοῦσαν
1228 3693 1390 3779 ἀπεδέξατο

331 3807 465 3897 γνώμην·
482 3809 538 3883 ὦς’
553 3807 618 3893 ἀμα
635 3817 676 3901 τῇ
690 3809 790 3899 ημέρα
804 3807 1004 3899 πορεύσεσθαι
1015 3804 1177 3898 ἐψηφίσθη
1192 3832 1231 3877 το
1217 3799 1281 3876 δὲ
1293 3806 1388 3874 λοιπὸν

331 3920 388 3988 τῆς
408 3914 517 3990 νυκτὸς
540 3909 628 4005 μέρος
644 3923 876 4012 γρηγοροῦντες
887 3905 1103 3987 διετέλεσαν
1076 3941 1144 3992 οις
1121 3923 1311 4008 ςριιτιῶται,
1324 3913 1387 3987 οἵτε
1471 3923 1472 3926 ’

276 4045 280 4055 ·
331 4006 462 4091 δυνηται
475 4018 559 4110 μεθ
548 4044 658 4091 εαυτου
669 4023 782 4114 φερειν
792 4030 916 4087 σκοπῶν
923 4018 1197 4103 ἐκαςος,καιαεκ
1210 4046 1271 4087 των
1285 4026 1386 4087 σκευῶν
1471 4039 1472 4078 3

330 4112 394 4189 δέοι
422 4125 625 4193 καταλείπειν·
654 4127 749 4195 παντὶ
777 4126 883 4219 τρόπῳ
913 4118 950 4193 δὲ
972 4126 1159 4221 προενόησαν
1191 4130 1290 4219 ὅμως,
1313 4128 1386 4197 ὅπως
