3000 5025
251 511 568 582 INTERPRES
596 513 831 583 GRAECUS.
861 516 957 583 LIB.
986 515 1054 583 VI.
1116 502 1192 606 475

102 641 229 710 πάντων
242 655 311 710 τῶν
324 645 492 737 Γερμανῶν
503 643 585 712 εἰσίν·
595 647 624 712 έν
641 671 675 712 τε
691 655 730 739 τῇ
743 648 823 740 αὐτῇ
836 655 901 724 τοῖς
915 641 1019 723 ἀλλοις
1029 647 1194 737 Γερμανοῖς

102 748 252 844 καρτερίᾳ
272 775 312 817 τε
337 749 393 818 καὶ
411 756 548 847 ὑπομονῇ
577 747 670 832 ζῶσι,
685 750 737 818 καὶ
760 762 801 846 τῇ
819 756 899 844 αὐτῇ
925 743 1049 845 θιαίτῃ,
1068 749 1119 817 καὶ
1138 759 1193 816 τοῦ
1217 758 1221 772 “

105 858 255 947 σώματος
280 866 468 950 κατασκευῇ
491 867 638 950 χρῶνται.
654 861 726 936 Τοῖς
746 850 782 924 θὲ
800 850 840 933 θλ
860 857 1008 940 Γάλλοις,
1026 864 1045 931 ἠ
1066 857 1119 948 μὲν
1139 865 1196 932 τῆς

105 969 166 1027 τῶν
185 948 352 1057 Ῥωμαίων
374 964 522 1058 ἐπαρχίας
540 965 731 1046 πλησιύτης,
750 964 802 1032 καὶ
824 972 844 1039 ἡ
865 974 926 1032 τῶν
950 966 1044 1057 πέραν
1064 973 1119 1040 τῆς
1138 961 1194 1028 θα·
1283 960 1285 963 ’

103 1069 222 1148 λάσσης
251 1069 457 1166 πραγμάτων
490 1071 650 1164 ἐμπειρίᾳ,
675 1073 750 1166 πρός
776 1097 811 1138 τε
838 1071 875 1137 τὸ
903 1072 1023 1137 τούτων
1051 1067 1194 1159 ἀφθονίαν

105 1175 203 1264 ἔχειν,
219 1176 276 1244 καὶ
296 1178 379 1266 πρὸς
401 1179 457 1250 τὴν
486 1182 586 1245 αὐτῶν
614 1187 721 1270 χρῆσιν
752 1179 833 1272 μέγα
856 1171 1080 1270 συμύαλλεται.
1101 1171 1196 1240 Κατὰ

106 1282 211 1372 μικρὸν
229 1275 262 1350 θ’
279 1285 396 1351 ἔπειτα
414 1284 473 1351 ὑπὸ
493 1295 555 1350 τῶν
574 1285 737 1377 Γερμανῶν
755 1284 930 1376 κρατεῖσθαι
948 1282 1130 1364 ἐθισθέντες,
1143 1279 1196 1346 καὶ

105 1393 236 1468 πολλαῖς
263 1392 321 1456 ὑπ’
343 1393 446 1456 αὐτῶν
471 1391 584 1483 μάχαις
610 1392 816 1475 ἡττηθέντες,
835 1381 907 1458 οὐδὲ
932 1399 982 1456 νῖν
1004 1393 1082 1478 σφοῖς
1101 1383 1195 1471 (ὅσον

105 1517 138 1585 γε
158 1493 246 1562 κατὰ
259 1499 323 1570 τὴν
345 1498 375 1562 έν
394 1499 520 1589 πολέμῳ
535 1494 660 1590 ἀρετὴν)
675 1505 739 1575 τοῖς
754 1499 919 1591 Γερμανοῖς
934 1488 1195 1589 παραύάλλούσιν.

158 1603 279 1686 XXV.
301 1587 334 1669 0
358 1594 396 1668 θέ
413 1628 463 1670 τοι
482 1589 626 1697 Ερκύνιος
650 1594 785 1696 δρυμὸς,
799 1604 883 1670 ἐννέα
910 1604 964 1693 μὲν
983 1609 1102 1694 ἡμερῶν
1123 1591 1195 1668 ὀθθν

108 1697 196 1800 ἀνθρὶ
217 1703 348 1796 εὐζώνῳ
368 1706 467 1775 τείνει·
480 1705 580 1787 άλλως
594 1709 646 1802 μὲν
662 1705 720 1804 γάρ
736 1714 792 1776 ούκ
804 1711 867 1786 έςιν
881 1709 977 1776 αὐτὴν
993 1703 1113 1800 ὁρίζειν,
1129 1698 1197 1772 οὐθ’

111 1812 138 1878 οἱ
151 1814 311 1907 Γερμανοὶ
324 1807 495 1883 ἀλλαὸθῶν
506 1819 641 1911 ἔγνωσαν
655 1817 763 1909 μέτρα·
775 1817 838 1884 ἀπὸ
848 1807 884 1881 δὲ
893 1826 950 1892 τῆς
961 1801 1197 1894 Ελύητίων,καὶ

109 1928 170 1986 τῶν
182 1923 212 1987 Ν
215 1918 417 2014 εμύτων,καὶ
425 1930 486 1989 τῶν
495 1907 659 2016 θαυράκων
671 1923 837 2014 ἀρχόμενος
845 1920 1070 2014 χώρας,ὀρθίως
1078 1910 1132 1984 διὰ
1140 1929 1197 1997 τῆς

106 2027 183 2117 πρὸς
204 2036 253 2114 τῷ
276 2010 383 2120 Ϊςρῳ,
403 2030 508 2122 μέχρις
527 2031 576 2097 ἐπὶ
593 2032 649 2103 τὴν
673 2037 734 2096 τῶν
749 2033 872 2111 Δακῶν,
888 2026 939 2094 καὶ
957 2037 1019 2093 τῶν
1036 2015 1196 2118 Ᾰναρτίων

111 2129 210 2198 τείνει·
240 2134 386 2204 ἐντεῦθεν,
411 2127 446 2201 θὲ
473 2137 547 2229 πρὸς
577 2133 718 2229 ἀριςερθιν
746 2135 984 2228 καμπτόμενος,
1002 2141 1059 2200 τοῦ
1087 2112 1196 2224 Ϊστρου

112 2232 421 2332 ἀποτρέπεται,θιά
445 2268 480 2308 τε
508 2252 564 2320 τῆς
593 2249 715 2310 πολλῶν
744 2242 834 2308 ἐθνῶν
859 2251 915 2336 γῆς
941 2242 1036 2335 μέγας
1062 2241 1195 2331 φέρεται.

113 2337 225 2424 Οὐδεὶς
241 2341 273 2414 θ’
284 2351 316 2415 ἐν
334 2347 537 2442 τῇΓερμανίορ
551 2348 631 2430 ι’ςὶν,
646 2351 711 2426 ὅςις
726 2343 876 2426 ἑξήκοντα
890 2353 1009 2440 ἡμερῶν
1024 2337 1095 2413 ὁθὸν
1113 2349 1198 2412 κατὰ

114 2451 149 2519 τὸ
176 2463 236 2521 τοῦ
264 2446 389 2548 θρυμοιῖ
417 2453 569 2547 προελθὼν
596 2453 746 2547 μῆκος,ἢ
771 2455 954 2537 ἀκοῖσαι,ἤ
981 2455 1010 2520 τ’
1027 2450 1078 2520 οὖν
1104 2456 1196 2546 εὑρεῖν

113 2560 224 2627 ἑαυτὸν
248 2563 289 2630 τὸ
319 2570 376 2628 τοῦ
397 2553 514 2655 θρυμοιῖ
539 2564 651 2629 τούτου
670 2562 765 2655 πέρας
782 2563 870 2656 λέγῃ.
890 2558 1001 2628 Πολλὰ
1018 2550 1048 2623 θ’
1063 2562 1092 2624 ἐν
1112 2564 1198 2646 αὐτῷ

113 2661 240 2758 θηρίων,
256 2670 400 2758 ἀλλαχοῦ
422 2670 462 2761 μὴ
491 2670 667 2761 ὁρωμένων,
682 2670 791 2757 ρύεται
809 2669 892 2762 γένη·
914 2664 954 2732 ῶν
977 2664 1019 2731 τὰ
1045 2665 1108 2731 ἀπὸ
1134 2674 1197 2731 τῶν

114 2774 185 2864 παρ’
199 2778 274 2865 ἡμῖν
300 2775 421 2867 μάλιςα
437 2766 643 2868 θιαρέροντα,
661 2773 712 2840 καὶ
731 2783 787 2840 τοῦ
805 2770 1107 2866 ἀπομνημονεύεσθαι
1125 2764 1198 2849 ἄξιά

118 2902 168 2965 μοι
183 2869 349 2962 θύξαντα,
368 2884 459 2949 ταῦτ’
474 2880 540 2947 εἰσί.

168 2986 306 3055 XXVI.
334 2988 463 3079 Πρῶτον
490 2988 645 3080 μὲνβοιῖς
671 2988 856 3082 καλούμενος
883 2988 1000 3067 ἔνεςιν,
1023 2982 1127 3075 ἐλάρῳ
1151 2991 1198 3071 τῷ

120 3092 191 3183 παρ’
212 3098 287 3184 ἡμῖν
307 3094 364 3166 τὴν
384 3096 500 3187 μορφὴν
514 3096 617 3185 ὅμοιος
628 3144 640 3177 ς,
655 3090 689 3160 οὗ
710 3096 739 3160 ἐν
760 3096 844 3186 μέσῳ
864 3100 909 3180 τῷ
928 3094 1063 3184 μετώπῳ
1081 3084 1198 3184 μεταξὺ

120 3202 182 3262 τῶν
193 3200 285 3266 ῶτων
296 3201 405 3290 φύεται
419 3203 507 3295 κέρας
517 3197 704 3293 ὑψηλέτερύν
721 3224 773 3281 τε,
784 3198 904 3266 καὶτῶν
912 3201 985 3292 παρ’
999 3204 1071 3289 ἡμῖν
1082 3199 1198 3290 ὁρωμέ-

119 3324 176 3366 νων
206 3305 346 3399 κεράτων
374 3306 498 3374 πάντων
528 3306 715 3400 ὀρθιύτερον·
747 3316 843 3373 τοῦτο
867 3297 902 3371 θὲ
929 3306 967 3371 τὸ
999 3306 1107 3398 κέρας,
1127 3306 1199 3371 κατ’

121 3401 213 3501 έίκρον
238 3404 370 3504 σχεθὸν,
394 3412 434 3492 εἰς
459 3414 609 3495 πολλοὺς,
629 3420 669 3491 ὡς
694 3404 818 3501 θάρνη,
841 3404 1033 3504 διασχίζεται
1053 3401 1197 3487 κλάθους·

122 3497 241 3583 τούτων
272 3519 326 3611 μὲν
357 3528 419 3585 τῶν
449 3514 549 3601 θοῶν,
576 3526 594 3593 ἡ
629 3522 711 3594 αὐτοί
737 3521 785 3596 ἐςι
812 3521 899 3592 τοῦτ’
929 3515 1050 3611 ἄρρενος
1070 3516 1122 3583 καὶ
1143 3527 1199 3595 τῆς

124 3616 244 3701 θηλείας
257 3627 346 3714 ρύσις
360 3649 413 3708 τε,
427 3624 478 3693 καὶ
492 3623 609 3719 μορφὴ,
622 3626 674 3692 καὶ
687 3627 725 3692 τὸ
740 3627 817 3693 αὐτὸ
833 3635 894 3691 τῶν
911 3625 1046 3718 κεράτων
1063 3622 1198 3717 μέγεθος.

175 3730 324 3800 XXVII.
339 3734 484 3826 Δεύτερον
500 3724 530 3798 θ’
545 3733 647 3798 ἔνεισιν
666 3734 695 3797 ἐν
716 3736 801 3821 αὐτῷ
820 3731 872 3799 καὶ
885 3729 994 3811 ἀλκες,
1010 3739 1111 3823 μορφῇ
1130 3729 1200 3821 μὲν,

125 3836 174 3897 καὶ
203 3845 318 3930 τριχῶν
346 3839 561 3921 ποικιλύτητι,
580 3844 649 3915 ταῖς
676 3840 749 3929 παρ’
774 3844 845 3931 ἡμῖν
868 3833 944 3916 αἰξὶν
969 3841 1078 3929 ὅμοιοι·
1098 3836 1199 3931 ὀλίγον

127 3926 161 4003 δὲ
174 3950 220 4027 τῷ
234 3946 358 4036 σώματι
370 3938 510 4037 μείζονες·
527 3942 612 4011 οὗτοι
625 3944 742 4037 κέρατα
755 3948 790 4011 ού
805 3947 947 4037 ρέρουσι,
961 3942 1067 4011 καὶτὰ
1082 3944 1201 4037 γόνατα

125 4042 195 4109 εἰσὶν
226 4046 380 4146 ἀνιρθροι·
403 4056 465 4128 ὥςε
492 4060 549 4119 τοῦ
577 4043 734 4117 καθεύθειν
758 4053 846 4117 ἕνεκα
871 4054 905 4117 οὐ
926 4053 967 4142 μή
987 4048 1198 4117 κατάκεινται·

128 4142 185 4228 (ἥν
206 4152 263 4248 γὰρ
283 4158 378 4247 τυχόν
401 4184 478 4225 ποτε
496 4156 672 4241 πίπτωσιν,
694 4155 856 4234 ἀνίςασθαι
884 4160 942 4248 οὐχ
964 4151 1022 4224 οἷοί
1043 4182 1078 4223 τε
1106 4153 1200 4240 εἰσὶν)
