3000 5025
300 501 377 589 ²34
511 503 540 571 J.
569 500 734 571 CELSI
763 444 1174 595 COMMENTARII

299 638 388 707 cives
409 634 499 705 ferro
522 660 624 706 caesos
644 636 861 729 imponeret,
878 647 979 731 atque
998 634 1045 702 ita
1058 634 1230 703 submissis
1249 634 1387 729 ignibus

297 738 332 815 et
355 768 494 813 accensa
514 766 622 839 pyra,
645 767 680 811 se
710 756 744 811 et
765 740 871 829 filios,
893 764 1096 835 omnemque
1113 741 1311 811 thesaurum
1334 767 1387 811 su·

298 851 501 946 perjaccret,
515 864 555 918 ut
572 850 620 919 sic
643 851 758 918 omnia
777 863 1024 935 cremarentur,
1046 872 1155 941 neque
1174 848 1216 917 de
1238 848 1386 919 fortunis

298 960 367 1029 suis
384 958 428 1027 ad
446 960 613 1027 Caesarem
633 956 725 1025 aliud
747 957 963 1051 perveniret;
980 954 1016 1023 id
1038 955 1100 1024 sibi
1122 954 1300 1025 consilium
1320 956 1390 1024 for·

297 1079 386 1134 tasse
405 1064 621 1160 magnificum
634 1064 832 1150 videbatur3
849 1077 885 1133 at
902 1062 1139 1149 Zamensibus,
1153 1077 1188 1131 et
1199 1064 1387 1157 praesertim

297 1174 465 1242 Caesarem
488 1172 698 1259 amantibus,
720 1172 842 1241 merito
863 1196 933 1239 nou
952 1169 1122 1265 placebat,
1138 1194 1243 1263 eaque
1264 1196 1319 1239 res
1339 1172 1387 1239 ci·

296 1277 394 1347 vibus
407 1278 501 1348 illum
516 1280 582 1348 suis
596 1278 845 1348 odiosissimum
859 1277 1038 1361 effecerat3
1052 1300 1160 1369 neque
1178 1279 1268 1345 enim
1284 1279 1387 1347 unius

296 1385 442 1455 hominis
456 1385 643 1480 desperatio
656 1440 666 1473 ,
682 1388 741 1454 uni
752 1410 876 1479 magno
888 1383 1015 1479 populo
1028 1384 1196 1454 excidium
1209 1382 1386 1478 publicum

298 1492 420 1561 afferre
436 1492 616 1563 debuerat:
633 1517 695 1563 nec
708 1492 765 1561 illa
777 1492 912 1587 quidem
928 1491 998 1561 sola
1015 1493 1120 1585 iniqui
1135 1489 1264 1561 consilii
1281 1516 1387 1561 causa

298 1614 394 1687 erat,
412 1600 470 1669 sed
496 1599 642 1669 invidia:
663 1626 729 1694 qua
759 1599 924 1695 impulsus
944 1624 1003 1668 rex
1024 1600 1205 1685 immanis,
1223 1624 1293 1667 non
1315 1600 1386 1666 vic·

297 1720 388 1776 tores
409 1706 511 1777 modo
532 1710 700 1778 consuetis
714 1706 793 1777 belli
804 1708 966 1802 premiis,
984 1706 1043 1776 sed
1056 1730 1135 1775 suos
1152 1708 1223 1777 vita
1240 1704 1386 1801 spoliare

297 1813 493 1884 decreverat
513 1846 524 1903 ,·
543 1817 637 1909 quasi
658 1840 716 1885 eos
734 1829 813 1909 post
833 1840 869 1883 se
888 1815 1002 1882 virere
1017 1812 1184 1906 judicaret
1202 1811 1385 1906 indignos:

297 1921 404 2015 quod,
423 1946 493 1991 non
511 1922 621 1991 dicam
637 1923 679 1991 de
696 1922 837 1993 subditis
855 1921 967 1990 liberis
979 1974 989 2007 ,
1000 1920 1059 1989 sed
1078 1919 1119 1989 de
1142 1922 1245 1989 servis
1263 1920 1385 2007 ctiam,

298 2042 412 2097 tamen
434 2030 646 2113 bominibus,
667 2029 892 2098 inhumanum
916 2052 1057 2122 prorsus
1076 2027 1241 2120 judicium
1268 2051 1310 2098 ac
1328 2051 1385 2097 su·

297 2136 442 2229 perbum
463 2150 558 2205 esset.
582 2140 655 2205 Hac
680 2161 762 2231 ergo
783 2135 826 2203 de
846 2157 948 2205 causa
970 2135 1047 2228 jure
1065 2136 1194 2230 optimo
1220 2134 1287 2203 suis
1310 2158 1383 2203 orn·

297 2242 397 2312 nibus
410 2244 537 2311 invisus
551 2258 641 2330 crat3
652 2258 686 2311 et
708 2242 845 2311 fortuna
859 2243 921 2311 sibi
938 2244 973 2309 in
992 2242 1149 2311 omuibus
1167 2241 1383 2328 adversante,

299 2348 376 2416 odio
395 2373 529 2443 quoque
548 2365 762 2444 contemptus
783 2363 990 2419 accesserat:
1008 2349 1063 2418 his
1078 2348 1213 2418 duobus
1230 2348 1383 2443 pessimis

297 2456 477 2526 comitibus
488 2481 594 2552 quum
607 2457 649 2526 ad
667 2456 830 2552 oppidum
852 2457 1074 2552 pervenisset,
1090 2470 1129 2525 ut
1148 2456 1383 2527 admitteretur

299 2563 343 2630 ad
363 2589 441 2634 suos
453 2579 591 2659 penates
611 2579 645 2634 et
668 2590 746 2634 suos
766 2563 907 2653 liberos,
929 2565 1123 2651 minaciter,
1138 2577 1214 2658 post
1231 2561 1384 2632 flebiliter

297 2685 397 2766 atque
414 2670 609 2768 suppliciter
631 2686 766 2766 petens,
788 2697 893 2766 quum
910 2686 1069 2740 neutrum
1087 2669 1270 2756 valuisset,
1287 2693 1384 2738 orare

296 2777 485 2866 institit,ut
503 2805 624 2850 uxores
646 2780 709 2849 sibi
729 2777 847 2848 saltem
866 2803 943 2850 suas
965 2803 1005 2848 ac
1027 2776 1151 2848 liberos
1172 2775 1285 2870 aliquo
1317 2790 1383 2846 ter·

297 2909 413 2954 rarum
431 2887 647 2957 abducendos
664 2886 862 2956 redderent:
878 2909 1050 2980 quumque
1064 2909 1109 2954 ne
1122 2884 1158 2954 id
1172 2883 1311 2978 quidem
1322 2883 1383 2954 sibi

295 2993 565 3084 permitteretur,
592 3019 702 3088 neque
731 2993 823 3062 aliud
842 2992 1121 3087 responderetur,
1150 2991 1382 3085 desperatione

296 3095 416 3168 ultima
443 3099 610 3194 digressus
640 3101 748 3170 surdis
777 3125 797 3168 a
824 3101 1012 3186 moenibus,
1038 3124 1117 3168 cum
1141 3099 1304 3186 Petreio,
1326 3098 1381 3192 qui

296 3201 379 3273 olim
397 3206 433 3273 iu
455 3209 616 3303 Hispania
637 3223 755 3277 contra
777 3209 945 3277 Caesarem
968 3220 1128 3294 steterat,
1151 3205 1381 3300 equitibusque

295 3314 475 3406 perpaucis
494 3365 504 3402 ,
523 3314 566 3386 ad
587 3313 700 3383 villam
721 3338 816 3384 suam
836 3312 913 3382 urbi
924 3314 1113 3408 proximam
1131 3326 1183 3382 est
1199 3311 1379 3406 profectus

296 3419 475 3490 Zamenses
497 3421 649 3492 nondum
670 3423 740 3516 ejus
764 3435 856 3490 metu
875 3418 1024 3509 liberati,
1045 3445 1106 3516 per
1124 3419 1252 3516 legatos
1285 3432 1381 3488 orarit

298 3526 482 3616 Caesarem,
502 3543 542 3598 ut
566 3530 761 3624 priusquam
780 3552 840 3596 rex
864 3529 1025 3622 reparatis
1047 3527 1172 3596 viribus
1201 3552 1261 3596 eos
1288 3528 1377 3596 iuva·

297 3629 410 3723 deret,
422 3659 522 3730 opem
536 3635 598 3706 iliis
613 3651 671 3706 aut
691 3634 796 3705 ferret
812 3649 872 3703 aut
885 3636 1045 3704 mitteret:
1060 3660 1096 3704 se
1112 3633 1276 3728 usquead
1291 3659 1377 3704 mor·

298 3753 367 3810 tem
389 3741 491 3812 fidem
512 3741 559 3812 illi
581 3757 792 3831 servaturos,
820 3745 958 3822 Zamam
980 3767 1114 3837 quoque
1142 3743 1204 3810 sibi
1236 3763 1389 3811 servare·

299 3849 413 3918 Caesar
434 3849 575 3944 legatos,
598 3865 632 3919 et
651 3851 806 3944 aquibus
825 3851 1013 3920 missisunt
1032 3848 1165 3934 laudat,
1175 3848 1273 3942 jubet
1293 3847 1378 3917 illico

298 3959 439 4040 reverti,
458 3971 492 4026 et
503 3957 685 4026 adventum
701 3983 799 4028 suum
812 3957 1029 4029 Zamensibus
1044 3958 1216 4043 nuntiare,
1231 3979 1377 4050 progres-

299 4087 419 4156 sosque
441 4064 568 4160 legatos
588 4068 658 4161 ipse
678 4065 900 4160 subsequitur.
923 4062 1070 4159 Vulgata
1084 4078 1200 4133 autem
1216 4063 1375 4133 adrentus

298 4171 441 4241 Caesarei
464 4172 575 4262 fama,
600 4173 696 4243 multi
724 4197 767 4246 ex
785 4174 886 4267 regiis
912 4173 1032 4241 Caesari
1056 4171 1192 4250 obviam
1213 4183 1377 4266 pergunt,
